2408 4478
543 248 822 332 ...294-

213 403 320 491 magis
342 418 454 469 tamen
475 402 647 469 anteriora
669 423 791 469 versus
807 414 1049 482 attenuatum
1072 408 1165 472 Gauda

219 525 324 587 acuta,
344 508 499 573 acumine
521 507 596 570 satis
618 510 737 591 longo.
814 506 818 517 ’

324 615 403 694 Ipse
435 610 594 693 Augusto
627 608 665 670 in
705 609 796 672 Gadi
828 608 1004 695 Aeglefim‘
1036 608 1165 673 saucibus

221 700 304 777 duae
324 713 436 795 reperi
457 712 654 783 Ascurida,
684 711 821 773 alteram
850 710 1076 791 quindecim,
1111 714 1167 775 alte

219 838 292 879 ram
312 815 434 898 viginti
464 829 539 877 octo
562 814 669 876 linear
699 813 836 893 longas,
866 832 961 893 quae
990 815 1099 901 capite
1122 834 1167 875 nec

223 933 336 981 tamen
360 917 465 977 cauda
489 936 565 976 cum
586 916 714 977 clavata
734 915 965 991 conveniunt,
991 930 1031 978 ut
1041 914 1166 979 maribus

222 1039 297 1083 non
318 1016 399 1080 visis
424 1017 571 1098 speciem
594 1015 728 1075 dubiam
748 1014 958 1095 relinquam.

330 1120 465 1181 Harum
486 1131 584 1199 caput
612 1117 760 1179 valvulis
791 1115 1056 1187 distinctissimia
1079 1115 1167 1181 brevi·

224 1224 287 1283 bus
310 1234 343 1283 et
361 1219 541 1283 latiusculis
577 1220 694 1298 alaque
727 1218 888 1299 utrinque
916 1219 1049 1285 lineari
1073 1220 1167 1283 iacun

225 1333 332 1395 ctum;
367 1341 488 1403 corpus
517 1320 676 1400 utrinque
711 1320 812 1404 magis
840 1334 964 1387 tamen
1001 1339 1168 1387 antronum

225 1434 449 1496 attenuatum
472 1424 597 1485 caudae
619 1441 707 1502 apex
731 1422 1008 1495 obtusiurculur.

280 1541 339 1640 65.
366 1547 507 1619 Arcens
531 1543 678 1623 collaria
701 1549 748 1622 R·

336 1676 449 1763 Quam
472 1673 621 1755 Neapoli
643 1675 679 1735 in
698 1676 909 1738 Pleuronecta
925 1698 1051 1743 manco
1072 1668 1169 1759 reperi,

230 1778 377 1841 eandem
399 1797 469 1841 esse
489 1776 636 1857 speciem
659 1778 807 1853 ncillam,
823 1798 925 1861 quam
938 1778 1030 1841 olim
1045 1778 1084 1842 in
1094 1778 1171 1839 Pleu

231 1881 426 1951 conectibus
447 1879 552 1941 Fleso
578 1891 612 1940 et
632 1879 779 1941 maximo
800 1879 932 1955 inveni,
957 1875 1159 1943 crediderim

338 1983 393 2053 Pl.
415 1981 525 2052 manci
555 1981 667 2062 hepati
692 1982 828 2046 Ascaris
854 1979 988 2045 haecce
1012 1976 1173 2063 Gapaulari

233 2104 329 2145 arum
354 2085 458 2145 modo
490 2086 680 2147 orbiculum
715 2083 869 2166 spiralem
904 2083 1066 2147 efficiens
1097 2080 1173 2143 affin

233 2197 319 2259 erat,
343 2206 410 2266 quo
434 2189 528 2261 loco,
552 2207 669 2249 verme
697 2192 825 2265 soluto,
855 2185 987 2249 visceri
1014 2178 1172 2269 impressio

234 2287 390 2366 ejusdem
411 2288 537 2348 sormae
561 2288 728 2354 remansit.

340 2388 476 2451 Ascaris
500 2411 583 2452 vera
605 2405 669 2465 est,
704 2389 810 2472 capite
832 2400 1018 2464 truncato,
1052 2400 1174 2467 corpore

235 2489 401 2551 anteriora
424 2511 541 2553 versus
563 2492 669 2574 magis
690 2504 875 2565 attenuato,
901 2492 1017 2553 cauda
1038 2490 1175 2579 depressa

237 2603 348 2664 acutar
370 2605 517 2655 ceterum
537 2615 665 2655 novem
686 2593 793 2657 lineas
814 2595 918 2674 longa
939 2606 978 2655 et
998 2591 1087 2653 alba.

289 2727 349 2815 68.
373 2736 514 2804 Ascaris
541 2730 726 2829 cuspidata
750 2738 796 2813 R„
821 2758 855 2802 n.
881 2756 935 2829 sp.

343 2863 387 2925 In
420 2863 560 2924 duarum
592 2864 767 2945 Generupr's
799 2861 1003 2931 Nasicomis.
1032 2862 1178 2924 larnano

238 2961 397 3030 intestino
426 2967 502 3026 colo
539 2964 694 3033 Berolini
720 2961 807 3047 Maji
837 2965 870 3026 d.
890 2962 958 3033 1x.
992 2960 1180 3045 (nequepr

240 3073 325 3142 area)
366 3067 618 3147 quatuordecim
665 3067 777 3152 reperi
819 3063 1010 3147 specimina
1048 3061 1181 3134 candida,

240 3185 343 3229 unam
377 3189 452 3230 cum
488 3170 624 3233 dimidio
662 3173 704 3234 ad
734 3186 797 3234 tres
831 3168 939 3231 lineas
980 3167 1115 3249 longa,
1147 3162 1180 3223 fa

126 3305 132 3317 ι
238 3269 361 3333 minea.

351 3357 465 3439 Caput
487 3358 687 3423 continuum
708 3354 940 3442 gracilescens,
964 3372 1032 3427 ore
1051 3346 1180 3422 oivalvi

237 3456 389 3521 valvulis
412 3458 550 3540 exiguis,
573 3466 766 3525 membrana
786 3457 950 3536 utrinque
982 3455 1183 3523 tenuissima

242 3576 363 3639 ¹corpus
385 3562 543 3643 utrinque
564 3566 671 3648 magis
694 3580 804 3626 tamen
821 3576 943 3627 versus
966 3558 1138 3623 anteriora
1152 3567 1184 3614 at·

242 3667 430 3741 renuatum3
470 3666 573 3727 cauda
596 3671 714 3728 obtusa
735 3668 845 3728 subito
868 3660 904 3724 in
928 3662 1112 3743 cuspidem
1135 3671 1183 3720 ter-

242 3757 400 3827 minalem
425 3769 560 3852 longam
583 3784 723 3835 tenuem
745 3766 873 3838 abiens,
916 3764 1018 3829 Cutis
1050 3756 1183 3846 corporis

241 3863 404 3929 subtiliter
421 3886 562 3943 crenata,
597 3948 600 3953 Ι
