2408 4478
547 253 851 339 ..538-

312 409 455 493 Maioris
484 413 625 492 insuper
647 402 931 488 'Orthragorisci
950 404 1075 473 asciiici
1093 406 1160 473 inter·

206 513 321 577 stititia
343 502 430 577 incer
448 513 605 575 intestina
627 508 752 573 vesicis
768 508 879 571 duris
905 524 947 573 et
961 510 1159 594 eleaticisprl

207 620 383 692 liraribns,
420 618 478 679 vel
508 613 821 698 semipallicaribus
856 614 999 694 passim
1018 618 1159 697 repletae

208 724 276 785 tela
298 723 374 782 laxa
402 723 572 792 revincta3
609 738 697 801 quae
730 716 887 781 vesicae
920 715 1026 779 facile
1051 717 1159 801 integre

208 826 404 885 solvuntur.

294 924 361 985 His
384 921 506 1004 apertis
530 919 664 985 vesicae
680 936 848 996 tenerae,
876 921 1104 1004 utplurimum
1120 924 1158 985 cn

206 1044 316 1099 valae,
331 1028 505 1106 pollicares
522 1027 577 1086 vel
599 1024 929 1106 sesquipollicaree,
949 1046 1094 1108 superne
1105 1028 1157 1089 duu

206 1133 318 1192 lineas
342 1130 558 1187 transversim
581 1130 803 1201 emetienteS,
831 1128 931 1190 vivo
955 1143 1054 1191 motu
1080 1129 1155 1211 viget

208 1248 259 1295 tes
282 1230 317 1291 in
339 1243 561 1309 conspectum
574 1229 730 1293 veniunt.
774 1228 1008 1296 Accuratius
1025 1231 1152 1311 inspectit

207 1335 244 1396 in
259 1348 404 1412 utroque
416 1332 519 1391 latere
531 1351 591 1392 vas
605 1332 864 1415 longitudinale
878 1334 1149 1419 serpentinumet

207 1436 339 1514 hibent,
362 1432 457 1514 (prod
478 1433 513 1493 in
536 1434 632 1515 apice
654 1455 761 1498 crasso
786 1437 993 1511 convenit,
1022 1436 1148 1518 locoptl

207 1538 324 1600 lurido
349 1540 385 1596 ni
407 1538 507 1596 sallor
530 1540 709 1616 perforato.
752 1538 896 1600 Vesica
927 1555 1048 1621 aperta
1067 1539 1147 1601 humo·

208 1662 281 1702 reru
305 1654 469 1711 tenacem,
492 1640 694 1703 substantiae
717 1640 811 1701 oculi
831 1641 976 1706 vitreae
994 1645 1145 1726 analogum.

208 1760 242 1805 et
267 1763 425 1815 vermen,
450 1762 570 1822 quem,
598 1740 636 1804 ni
662 1756 777 1804 cautus
800 1744 860 1820 sis,
888 1767 960 1829 pro
985 1746 1145 1828 Tetrarhpt

208 1844 272 1906 cbo
294 1843 445 1907 habebis.

318 1950 432 2030 Caput
453 1944 700 2028 Tetrathynchi
722 1948 876 2012 boemiis
908 1952 1054 2014 duobus
1081 1948 1148 2014 onii

208 2053 287 2122 bus,
318 2050 444 2110 lineam
466 2050 595 2130 longis,
624 2063 656 2109 et
673 2050 944 2130 proboscidibus
968 2069 1148 2136 quatuorrt

207 2155 268 2212 ctis
291 2151 368 2211 satis
395 2150 525 2227 validis,
546 2149 673 2212 lineam
694 2158 963 2233 superantibus;
1000 2160 1109 2222 collum
1122 2156 1148 2218 ul·

207 2267 257 2313 tra
279 2268 409 2332 septem
431 2252 536 2312 lineas
559 2254 700 2334 longum
722 2268 822 2328 teres,
851 2255 1148 2328 lineam-crassum

206 2375 329 2435 corpus
364 2355 558 2427 discretum,
605 2357 820 2437 depressum,
872 2380 997 2442 aeque
1029 2365 1148 2447 longum,

205 2460 300 2538 apice
322 2456 451 2538 postico
476 2458 658 2538 perforato.

312 2560 439 2622 Vesica
461 2573 574 2622 autem
597 2557 714 2639 majori
738 2558 923 2643 diligentia
949 2580 1083 2648 aperta,
1103 2585 1148 2628 ver·

205 2684 296 2725 mern
319 2684 438 2725 cacum
460 2663 659 2734 cohaerere,
694 2675 727 2724 et
755 2683 797 2723 eo
826 2666 985 2743 quidem
1008 2673 1086 2732 loco
1105 2687 1148 2749 quo

205 2788 292 2845 apex
312 2771 463 2846 posticus
487 2766 674 2847 perforatus
689 2764 842 2837 videtum
868 2783 909 2830 ut
932 2771 998 2833 illa
1019 2794 1062 2835 ex
1076 2774 1148 2834 fovet

205 2869 319 2932 vesica
350 2871 505 2951 replicata
542 2867 690 2929 eundern
724 2864 899 2932 involvat.
956 2877 1053 2938 Inde
1080 2872 1150 2938 etim

204 2975 375 3034 vesiculae
399 2989 509 3034 motus
533 2967 727 3050 explicatur.

308 3077 455 3138 Vennes
479 3073 624 3154 hepatici
651 3072 762 3153 specie
792 3092 870 3136 non
896 3076 1090 3157 differunt,
1115 3070 1149 3136 sel

203 3179 280 3238 loro
302 3192 508 3258 opportuno,
531 3177 567 3235 in
589 3174 716 3255 hepatis
737 3174 833 3236 molli
858 3180 1059 3243 substantia
1079 3175 1148 3238 valde

201 3282 456 3362 prolongantur,
480 3299 594 3357 neque
618 3277 732 3339 vesica
754 3278 837 3337 dura
862 3281 976 3344 adest.
1016 3280 1150 3344 Alterum

202 3382 372 3461 specimen
396 3379 547 3444 sedecim
568 3379 712 3459 pollices
734 3381 887 3461 longum
911 3399 985 3447 est.

312 3487 411 3569 [guae
446 3481 726 3563 praegrediuntur
760 3503 909 3545 examen
960 3507 1026 3548 me
1064 3478 1151 3546 docuit

198 3584 347 3664 Neapoli
374 3587 579 3655 institutum3
615 3582 771 3646 Berolini
806 3598 953 3666 autem,
993 3602 1033 3650 ut
1066 3587 1152 3649 icones

198 3701 405 3764 pararentur,
429 3702 575 3748 entozoa
599 3684 722 3748 iterum
744 3684 894 3749 sollicite
921 3689 1119 3762 observavi,
1131 3696 1150 3748 el

201 3783 351 3846 vesicam
373 3787 540 3848 internam
580 3787 756 3868 duplicem
790 3805 868 3849 esse
905 3791 1012 3872 vidi,
1048 3790 1150 3857 laminis

199 3887 384 3968 plurimam
406 3903 534 3970 partem
549 3888 613 3952 sibi
634 3887 928 3974 incumbentibus,
958 3910 997 3962 et
1009 3896 1092 3964 circa
1103 3911 1149 3960 ru·
