2408 4478
535 261 816 334 *ago-

197 428 350 500 nostrae,
372 434 410 478 os
433 410 525 478 illius
546 414 668 477 evalve
693 414 878 477 dicendum
900 414 1112 489 sententiat,
1133 428 1160 477 et

199 524 265 603 tale
289 517 372 581 mihi
396 518 496 580 etiarn
519 517 554 577 in
571 516 697 577 Museo
711 516 910 579 Viennensi
932 516 1067 592 visum,
1088 517 1160 579 dein

199 637 312 687 autem
341 621 390 682 uti
417 622 498 681 olim
529 638 664 698 semper
700 619 845 681 trivalve
880 618 1083 682 exhibitum
1115 617 1158 679 sit.

197 725 373 790 Valvulae
393 735 542 784 ceterum
570 722 606 780 in
630 719 871 801 speciminibus
901 717 1092 793 femineis,
1121 733 1160 780 ut·

196 840 278 911 pote
293 824 485 905 majoribus,
505 820 645 896 fac-ilius,
670 834 704 883 et
728 822 765 884 in
793 821 921 884 Simiae
938 821 1159 883 Ascacidibut

196 928 300 1007 (coni.
329 926 416 1003 obs.)
452 923 561 986 adhuc
596 924 717 984 meiius
746 923 1033 1007 conspiciuntur;
1069 924 1160 987 inter·

198 1031 284 1105 dum
318 1028 548 1111 retrahuntur,
583 1039 723 1105 tumque
757 1014 841 1091 alae'
865 1025 984 1108 capitis
1022 1025 1160 1106 majores

197 1134 294 1218 fiunt.
342 1129 556 1211 Oxyuridem
583 1146 669 1202 esse,
692 1127 773 1193 ideo
797 1152 869 1192 non
891 1120 1099 1191 concedam.

287 1228 365 1294 Mos
389 1231 513 1293 lineam
538 1243 681 1312 superat.
704 1249 798 1313 parte
817 1234 988 1296 anteriore
1009 1229 1161 1295 tenuiore

199 1335 411 1403 rectiuscula.
435 1332 621 1419 posteriore
653 1334 811 1396 crassiore
838 1332 1009 1417 spiraliter
1033 1335 1160 1409 inflexa,

199 1442 296 1524 apice
328 1438 458 1499 caudali
488 1437 624 1506 obtuso,
656 1449 733 1499 ante
762 1420 863 1517 quern
890 1440 1010 1509 (latere
1044 1437 1161 1501 vermis

198 1539 364 1616 inferiore
399 1536 543 1614 inflexo)
585 1539 723 1599 tubulus
755 1538 868 1600 brevis
906 1554 1038 1618 exstat,
1074 1540 1162 1624 penis

199 1643 359 1726 exiguam
388 1654 516 1720 partem
544 1640 638 1720 apice
668 1641 855 1721 profereus.
899 1644 954 1703 Ita
984 1634 1163 1723 saltemin

200 1744 287 1810 meis
311 1740 551 1824 speciminibus
574 1740 680 1802 tribus
703 1743 817 1805 video.
865 1744 973 1826 Caput
1006 1750 1164 1827 quamin

199 1842 533 1931 {emina'angustius
828 1910 833 1917 ,

292 1950 427 2024 Prolem
451 1945 566 2006 vivam
588 1941 662 2007 aliis
693 1944 819 2009 dictam
845 1949 944 2033 nuilo
975 1952 1065 2013 anni
1094 1966 1165 2014 tem-

133 2047 136 2051 ’
201 2072 286 2138 pore
308 2048 431 2131 reperi,
453 2049 515 2115 sed
539 2070 604 2111 ova
619 2048 788 2135 oblongo·
801 2049 957 2129 elliptica,
978 2068 1083 2139 parte
1103 2074 1162 2117 me·

199 2156 259 2226 -dia
276 2157 374 2235 nigro
384 2154 546 2211 irrorata.

315 2253 397 2337 Obs.
426 2253 628 2313 Baeusenus
660 2255 842 2334 specimina
872 2257 979 2315 muita
1011 2255 1109 2318 misit
1128 2256 1165 2318 ie·

201 2358 317 2433 minea
339 2356 376 2416 in
398 2354 564 2417 intestinis
581 2341 692 2415 crassis
721 2357 843 2416 Simiae
867 2357 1007 2417 Panisci
1027 2376 1164 2438 reperta,

202 2462 327 2546 pariter
355 2481 417 2540 pro
448 2458 624 2537 Oxyuride
650 2457 776 2530 hahita,
811 2478 896 2536 quae
933 2460 974 2517 ab
1007 2458 1165 2521 humanis

203 2563 311 2646 capite
335 2560 589 2641 quodammodo
616 2559 807 2633 deflectunt,
832 2558 971 2638 reliquis
998 2568 1090 2623 vero
1112 2582 1165 2623 no-

204 2666 246 2743 tis
269 2682 347 2727 cum
370 2662 436 2725 illis
462 2661 685 2722 conveniunt.

313 2785 403 2854 Fere
427 2779 586 2851 omnibus
609 2779 645 2852 in
667 2779 905 2860 speciminibus
928 2782 1102 2844 valvulae
1124 2802 1166 2842 ca·

204 2887 283 2973 pitis
306 2902 371 2950 tres
396 2886 537 2957 obtusae
562 2881 830 2946 distinctissimae
854 2896 940 2955 sunt,
966 2898 1004 2943 ut
1031 2884 1087 2944 his
1111 2904 1167 2959 ma-

202 2991 334 3074 joribus
365 3002 398 3050 et
426 2988 622 3050 membrana
662 2986 776 3066 capitis
812 2984 941 3048 laterali
976 2983 1167 3067 angustiori

204 3093 335 3176 species
358 3091 470 3151 forsan
492 3109 601 3160 nova,
625 3086 796 3149 humanae
820 3102 930 3151 tamen
955 3090 1111 3161 maxime
1132 3090 1168 3153 ai·

206 3194 284 3257 finis
307 3195 485 3264 efficiatum
509 3191 565 3252 sed
590 3188 736 3251 maribus
755 3213 826 3251 non
845 3190 926 3253 visis
944 3191 1013 3254 huc
1033 3192 1169 3275 interim

207 3296 318 3379 retuii.
367 3298 443 3373 Ova
465 3294 538 3375 satis
561 3313 682 3375 magna
705 3291 995 3382 ovato-elliptipzn

260 3471 319 3542 52.
348 3453 489 3531 Ascuris
516 3449 686 3520 obvelata
711 3455 756 3519 R.

316 3585 423 3661 Muris
445 3582 585 3643 Mascula·
606 3594 733 3640 tantum
749 3577 951 3660 ASfss,ri<l.e¹1¹.
975 3583 1171 3659 femineam,

211 3682 249 3751 in
272 3684 363 3745 illius
386 3682 499 3759 crassis
523 3681 757 3760 Novembris
785 3704 840 3745 me
856 3700 1024 3762 repertam
1056 3686 1173 3748 exami-

210 3806 293 3865 nare
316 3784 420 3856 licuit,
445 3785 505 3844 secl
529 3782 576 3843 uti
602 3781 725 3862 speciei
748 3785 983 3864 praecedentis
1008 3786 1057 3869 ita
1077 3788 1173 3852 etiam

207 3888 311 3972 hujus
342 3886 499 3959 valvulaa
532 3880 646 3983 eapitis
677 3884 832 3972 distincte
857 3888 980 3967 videre
1007 3890 1103 3953 mihi
1130 3885 1173 3951 vi·
