2408 4478
530 276 713 357 -542
775 306 842 327 -

185 450 249 513 per
270 429 399 495 collum
422 434 687 511 translucentes,
710 456 810 500 mox
837 444 1038 507 exsertae'
1055 444 1129 511 cola

186 542 388 623 oblongum,
410 538 518 619 capite
540 538 650 599 multo
672 546 843 623 tenuius,
866 567 961 609 mox
975 550 1074 625 laeve,
1088 573 1129 613 nn

184 644 479 727 longitutlinaliter
515 656 691 706 costatum.
764 647 924 731 Corpus
957 668 1083 716 ovatum
1104 677 1129 716 au

184 751 385 811 obovatnm.

297 850 379 913 Obs.
403 868 431 914 t.
455 850 536 916 Am.
559 837 699 914 O'crm
725 855 903 919 eandem
934 862 1069 922 omnino
1091 881 1129 943 spa

183 952 272 1016 ciem
296 957 357 1014 sub
380 956 630 1038 Tetrarhynchi
658 956 713 1034 (in
743 959 928 1021 Scombri
955 961 1049 1044 parvi
1066 965 1129 1045 cujus

181 1059 259 1119 dam
282 1057 466 1121 abdomine
490 1059 583 1137 lecti)
605 1059 754 1124 nomine
778 1060 903 1127 misit.

292 1163 373 1223 Obs.
396 1178 427 1223 2.
448 1162 588 1224 Nexum
615 1161 718 1242 hujus
754 1164 905 1226 vermis
939 1179 977 1229 et
1000 1166 1125 1231 vesiculas

180 1263 359 1326 ambientis
383 1286 454 1325 non
478 1264 570 1341 vidi,
600 1266 754 1345 ideoque
779 1266 851 1328 diu
877 1290 949 1350 pro
970 1270 1123 1350 Tetrarlyn

180 1368 245 1430 cho
268 1368 390 1439 habui;
425 1371 470 1429 ob
498 1368 698 1450 hydatidem
730 1371 931 1453 duplicem
960 1374 1034 1453 (aut
1050 1373 1121 1434 loun

178 1472 362 1553 triplicem)
384 1486 496 1533 tamen
520 1474 642 1535 dubius
671 1475 741 1536 huc
778 1475 920 1555 retuli,
955 1496 1032 1536 cum
1051 1477 1120 1537 Teu

177 1574 324 1656 rhyncbi
348 1576 406 1637 vel
429 1575 538 1651 liberi,
552 1579 611 1640 vel
632 1577 721 1640 inter
744 1576 894 1639 tunicas
916 1576 1119 1660 simplicetur

176 1679 353 1739 tubercula
374 1678 498 1742 inclusi
525 1694 714 1757 occurrant,
749 1679 923 1761 ideoque
953 1680 1064 1765 cystici
1085 1674 1117 1740 dir'

175 1797 364 1862 nequeant.

227 1948 262 2026 4.
287 1944 594 2040 Anthocepbalus
620 1967 846 2016 macrourus
876 1949 928 2019 R.
947 1970 984 2016 n·
1006 1969 1055 2039 sp.

280 2091 367 2155 Am.
389 2117 434 2155 nn
460 2094 595 2156 Oaraus
619 2090 812 2175 specimina
838 2093 880 2154 in
904 2095 1016 2175 Spuri
1030 2087 1116 2153 Lusita·

171 2197 224 2258 nis
252 2196 460 2261 Cherubinlto
483 2197 563 2258 dicti
587 2198 704 2278 hepate
727 2194 813 2257 inde
840 2217 1005 2271 corroso,
1027 2210 1056 2258 et
1071 2190 1116 2272 (rel

170 2303 299 2364 libera?
322 2303 396 2378 vel)
419 2301 456 2362 in
477 2301 692 2382 hydatidibus
715 2297 806 2359 inter
819 2298 965 2363 viscera
979 2314 1114 2361 occurren·

168 2404 258 2465 tibus
281 2403 375 2464 Julio
400 2402 600 2485 etAugusto
619 2402 656 2463 in
671 2400 818 2463 Brasilia
837 2417 995 2483 reperta,
1018 2401 1114 2462 horun-

168 2528 234 2588 que
256 2505 374 2568 icones
398 2509 572 2570 benevole
595 2526 735 2569 mecum
758 2502 1052 2567 communicavit.

277 2610 390 2692 Caput
420 2611 564 2672 bochriis
587 2622 731 2690 quatuor
746 2606 940 2682 distinctis,
965 2601 1113 2674 subovatit,

164 2713 335 2793 concavis,
360 2714 501 2796 singulis
525 2712 620 2796 apice
641 2709 890 2794 proboscidem
914 2711 1112 2774 emittentibus

160 2818 310 2896 longam,
344 2816 477 2878 uncinis
497 2815 601 2879 ternis
624 2813 789 2896 spiraliter
814 2812 948 2895 positis
974 2826 1110 2876 armatam

164 2918 291 2982 Collum
314 2922 468 3002 longum,
493 2918 599 2999 capite
623 2919 768 2990 tenuius,
792 2917 1050 2998 proboscidum
1069 2915 1111 2976 the·

160 3041 212 3082 cas
236 3020 481 3084 translucentes
503 3020 696 3099 continens,
719 3019 842 3080 abiens
867 3023 910 3081 in
936 3021 1109 3104 corpusbrc·

158 3143 214 3202 ve,
237 3128 353 3199 ovale,
376 3123 413 3185 in
436 3125 528 3203 quod
545 3108 651 3205 ‘caput
680 3135 713 3185 et
741 3122 881 3183 collum
918 3123 1043 3188 retrahi
1061 3135 1107 3203 pos

157 3242 244 3301 sunt,
269 3229 433 3308 qnodque
450 3229 562 3288 vesica
575 3227 708 3288 cauduli
724 3228 939 3287 terminatur
955 3225 1106 3308 cylindritt

154 3327 369 3410 longissima,
409 3332 494 3391 duos
526 3335 610 3392 circa
632 3326 775 3410 pollices
801 3329 935 3409 longa,
978 3329 1058 3387 dum
1079 3343 1106 3383 re·

153 3435 366 3512 ceptaculum
390 3435 520 3515 aliquot
542 3436 639 3513 (tres)
661 3429 768 3492 lineas
791 3431 993 3513 adaequet,
1020 3441 1106 3506 neque

154 3535 284 3616 reliqua
307 3559 381 3617 pars
404 3540 566 3621 pollicem
591 3535 773 3598 dimidium
801 3534 964 3618 attingat.
1063 3566 1066 3572 ·

261 3640 341 3700 Obs.
369 3659 395 3703 1.
426 3641 570 3706 Amicus
600 3658 772 3710 vermem,
813 3639 885 3700 sibi
929 3635 1105 3716 Tetrarhpt·

149 3738 254 3801 chum
277 3739 421 3819 dictum,
453 3730 926 3828 pr0¹Cuvmn1Floricipite
945 3743 1052 3821 habet,
1070 3729 1105 3798 cui

149 3857 238 3904 certe
258 3841 367 3904 alfinis
392 3861 457 3922 est,
482 3851 542 3913 sed
568 3871 586 3911 a
609 3869 678 3930 quo
699 3861 822 3909 tamen
849 3845 1035 3912 diversum
1055 3853 1104 3906 etse

148 3944 324 4028 descriptio
348 3949 474 4030 speciei
496 3952 632 4035 primae,
658 3951 859 4018 dibothriae
885 3968 958 4025 etc,
980 3953 1077 4016 dccet
