2452 4478
449 330 732 405 ...999-

118 462 121 529 f
212 479 343 563 Species
367 492 433 543 tres
454 476 664 556 enumeravi,
687 477 833 571 reliquas
855 484 937 549 duas
950 485 1070 554 Brem-

118 599 195 644 nno
215 582 311 644 dictas
334 583 424 644 inter
445 579 626 644 Ascaride's
656 581 933 657 (vermicularem
961 613 996 652 n.
1016 609 1070 670 31.

137 698 159 745 et
174 687 298 750 obvela
286 701 353 750 am
376 706 413 750 n
434 685 508 762 32)
537 684 698 774 reperies
750 684 784 746 Si
807 685 927 753 harum
958 708 1071 756 autem

135 799 212 868 caput,
233 787 387 854 examine
411 805 511 867 saepe
542 787 661 850 iterato
681 787 834 852 mihimet
856 791 999 863 trivalve
1022 796 1071 859 vi-

132 905 192 964 sun,
212 892 276 952 tale
298 909 372 950 non
394 903 490 963 esset,
516 882 593 951 cum
615 889 686 954 aliis
709 893 798 954 bene
819 882 948 970 multia
981 917 1018 962 v.
1040 919 1071 974 o,

118 988 270 1055 'Ascaride
305 993 438 1073 leptura
474 1011 509 1050 n.
532 1005 584 1071 47.
623 1007 656 1056 εῖ
679 993 837 1062 affinibus¹
858 990 900 1062 ad
923 998 1069 1082 Oxyuri·

132 1090 165 1153 dis
184 1113 286 1176 genus
310 1092 539 1158 emendandae
562 1093 688 1162 forent.

169 1220 193 1270 r.
218 1203 380 1290 Oxyuris
406 1200 630 1272 curvulaR

212 1313 325 1399 Quam
345 1293 539 1375 haetenus'
530 1335 566 1375 m
588 1317 687 1415 Equo
707 1330 835 1385 tantum
853 1315 1067 1398 offendimus,

134 1415 175 1480 cel.
194 1416 316 1481 Gnrvn
338 1399 611 1513 (Erfahrringen
620 1431 682 1484 eto.
701 1441 737 1500 p.
762 1419 890 1496 169.')
880 1441 917 1481 1n
938 1417 1066 1480 intesti-

133 1515 166 1577 nis
195 1517 305 1584 crassis
344 1507 514 1581 Annorum
551 1521 748 1600 praesertim
778 1522 901 1591 malleo
922 1519 1064 1590 humido

133 1615 330 1683 laborantium
351 1618 566 1699 frequentem
589 1621 795 1694 observavit.

168 1774 195 1828 a.
218 1754 380 1848 Oxyuris
405 1757 499 1827 alata
524 1766 568 1830 R.
594 1786 632 1834 n.
657 1787 713 1856 sp.

213 1885 402 1970 specimina
424 1885 486 1948 tria
506 1887 542 1949 in
563 1888 725 1953 intestinis
742 1889 856 1955 crassis
869 1889 970 1966 Melie
979 1888 1066 1951 Tasci

134 2005 234 2071 reperta
254 1993 459 2053 Bnrnsnans
477 1988 581 2081 misitp
601 1993 714 2056 omnia
734 1993 897 2070 feminea,
941 2003 1005 2053 tres
1027 1987 1066 2053 li·

134 2109 191 2155 noes
211 2095 326 2175 longa·
366 2112 371 2131 ¹

215 2197 330 2278 Caput
360 2196 527 2272 obtusum,
570 2210 759 2260 annorsum
793 2192 929 2262 tenuius
964 2189 1067 2258 utrin-

135 2314 180 2372 que
198 2301 328 2374 alatum,
352 2297 411 2359 alis
433 2295 618 2378 posteriora
639 2319 759 2363 versus
784 2296 1063 2364 decrescentibus.

137 2395 166 2456 05
182 2397 321 2483 simplex
342 2399 529 2466 orbiculare
550 2401 678 2481 visum,
701 2403 826 2482 absque
847 2401 1065 2465 valvularum

134 2500 261 2585 antigio.
329 2502 469 2588 Corpus·
486 2504 739 2590 crassiusculum
764 2503 801 2564 in
827 2505 966 2566 canalem
1010 2519 1064 2562 su·

133 2599 259 2691 boletum
275 2623 473 2679 excurrens,
514 2627 599 2687 quae
620 2630 686 2671 ooo
723 2604 871 2668 eontinet
906 2607 1065 2687 oblonga,

131 2700 261 2783 ejusdem
282 2706 407 2771 indolis
429 2708 546 2769 acina
569 2707 753 2793 Oxyuridis
777 2709 949 2778 curvulae.

212 2809 295 2879 Obs.
316 2808 446 2874 Habitu
469 2808 512 2871 ad
532 2802 731 2876 Ascaridem
741 2807 1002 2874 vermicularum
1016 2823 1066 2867 ae-

131 2908 209 2989 odit,
253 2915 316 2978 sed
336 2910 486 2978 valvulis
509 2931 582 2972 non
609 2912 709 2992 visis,
755 2898 914 2973 amicum¹
929 2921 1065 2989 sequtus

129 3023 192 3089 tum,
212 3015 272 3097 qui
291 3015 333 3108 ari
358 3010 542 3099 oxyaridis
563 3033 670 3097 genus
693 3013 808 3082 refert.
839 3086 842 3093 Ι

162 3132 194 3208 5.
222 3123 384 3212 Oxyuris
410 3121 582 3215 ambigua
608 3127 653 3196 R.
679 3147 717 3193 n.
743 3144 799 3217 sp.

211 3234 401 3316 specimina
419 3234 564 3315 plurima
582 3234 619 3296 in
641 3233 808 3299 intestinis
829 3229 949 3297 crassis-
965 3228 1064 3296 coni-

126 3328 174 3397 att
191 3351 326 3420 reperta
347 3336 548 3399 Brnmsnnns
569 3336 672 3414 misit,
701 3351 735 3402 et
764 3347 938 3402 entozoon
957 3332 1067 3396 hocce

122 3425 149 3499 in
166 3436 227 3502 illis
253 3440 405 3507 Cuniculi
426 3453 458 3501 et
479 3440 652 3503 domestici
673 3453 707 3500 et
726 3435 808 3528 feri,
829 3455 984 3506 necnon
1000 3436 1068 3507 Lu

119 3542 198 3615 poris
237 3544 356 3627 timidi
402 3548 588 3608 occurrere'
631 3542 809 3625 catalogus
851 3531 1065 3607 viennensis.

118 3641 216 3708 refert.

209 3744 291 3808 Mas
313 3745 395 3811 duas
417 3759 528 3810 tresve
549 3746 657 3809 lineas
677 3730 816 3829 longus,
844 3744 921 3828 plus
948 3738 1064 3803 minus

118 3841 229 3928 spiralis
250 3847 289 3909 in
311 3846 427 3929 spiritu
446 3847 644 3914 flavescens.
708 3845 815 3931 Caput
844 3857 1061 3922 attenuatum,

118 3969 157 4013 are
177 3948 369 4026 orbiculari,
390 3948 566 4032 mediocri,
596 3973 715 4035 corpus
734 3948 921 4034 posteriora
940 3955 1062 4013 versus
