2408 4478
543 202 825 275 -262-

200 375 401 461 ignorabam
408 395 420 446 ,·
455 366 631 434 diversum
667 390 742 433 esse
770 387 864 429 nunc
894 362 1049 447 quidem
1083 370 1160 447 filcile

204 478 361 545 concedo
385 491 418 537 et
440 473 532 534 huuc
554 470 781 535 deecritendo
804 472 975 552 probabo.

255 635 293 708 5.
318 614 544 710 strongylus
572 611 719 682 tubifex
744 617 931 681 Nrrrscn.

307 748 389 811 Eut.
428 765 456 809 r.
488 767 521 827 p.
558 755 631 818 214.
662 762 696 805 n.
723 754 753 815 4.
782 744 844 801 sub
872 722 1119 822 praecedente.
1140 763 1163 823 p.

374 859 449 922 240.
472 870 506 908 n.
537 859 589 922 24.
622 848 687 910 Str.
719 864 936 926 mergorum.
967 864 1006 910 n.
1038 860 1093 923 25.
1119 844 1162 905 Str.

379 949 516 1011 Anatis.

314 1053 459 1117 Orneus.
504 1055 560 1113 D'e
589 1066 702 1130 veget.
737 1063 770 1113 et
798 1046 941 1113 animat.
970 1068 1008 1131 p.
1036 1043 1161 1127 fiuug.

377 1166 491 1229 8-14.
515 1156 577 1215 Str.
603 1156 749 1234 elegans.

312 1255 397 1322 Am.
420 1257 570 1315 Nrrzscu
605 1256 780 1337 specimen
810 1255 1006 1315 masculum
1033 1266 1070 1313 et
1090 1245 1159 1311 femi·

204 1382 311 1428 neum
337 1358 373 1421 in
404 1359 514 1436 Mergi
542 1361 762 1437 Mergmrir
790 1355 988 1419 tuberculis
1021 1352 1159 1435 oesopln·

207 1468 277 1550 geis
303 1458 488 1525 Decembri
512 1480 529 1518 a
559 1478 595 1521 se
618 1477 749 1542 reperta
771 1459 877 1534 misit,
908 1459 1087 1540 pollicem
1106 1456 1158 1516 lon·

208 1564 364 1652 gitudine
387 1563 587 1642 superantia.

321 1670 433 1746 Caput
455 1662 589 1743 papillis
619 1682 679 1726 sex
709 1666 835 1725 conicis
869 1663 1091 1726 exstantibus
1108 1680 1158 1722 mu

210 1770 334 1848 nitum,
360 1767 446 1829 ostio
463 1765 579 1826 medio
602 1765 824 1845 nigrescente.
857 1766 994 1847 Corpur
1019 1766 1158 1845 utrinque

211 1887 430 1943 attenuatum,
454 1884 548 1950 parte
571 1869 685 1930 media
706 1881 859 1929 contorta
881 1870 1112 1949 maximeque
1129 1864 1160 1925 iu

211 1977 303 2051 flata,
339 1971 494 2051 undique
518 1986 698 2032 creuatum.
745 1969 855 2031 Gauda
871 1965 1035 2059 feminae
1052 1972 1160 2033 obtusa.

211 2080 322 2141 Bursa
351 2077 452 2136 masis
481 2070 635 2151 obliqua,
673 2087 859 2146 contracta3
893 2073 1002 2160 filum
1039 2070 1160 2155 genitale

215 2182 369 2261 longum,
395 2188 533 2237 rectum.

305 2280 406 2342 ‘obp
434 2298 461 2343 1.
493 2280 700 2358 StrongyluS‚
730 2298 832 2358 quem
862 2281 898 2338 in
935 2277 1181 2361 Caryocetacte·

218 2384 343 2464 reperi,
357 2383 474 2443 medio
498 2401 569 2440 non
592 2378 724 2438 inllatus
749 2395 806 2454 est,
830 2402 943 2461 neque
968 2382 1118 2464 papillae
1133 2396 1164 2437 ct·
1188 2390 1191 2397 '

217 2485 294 2569 pitis
317 2498 393 2564 post
415 2499 559 2544 mortem
589 2479 739 2541 habitum
773 2504 881 2562 aeque
904 2484 1104 2562 regularem
1122 2498 1166 2542 set·

218 2601 320 2657 vant;
348 2599 386 2645 ut
406 2585 486 2644 huic
508 2588 574 2647 Str.
596 2584 758 2665 papillati
781 2605 908 2646 nomen
940 2587 1030 2645 olim
1056 2580 1167 2665 impoti·

220 2702 293 2750 tum
323 2686 532 2766 relinquam,
555 2688 776 2767 Strongylum
801 2704 914 2750 autem
942 2688 984 2749 iu
1000 2686 1169 2771 Colymbit‚

222 2787 367 2868 Mergis‚
402 2786 590 2865 Anatibus3
621 2790 800 2852 Pelecauis
829 2790 977 2854 obvium
1002 2792 1186 2867 anscruo¹

225 2897 416 2976 praeeunte
438 2891 608 2952 tubificem
632 2893 749 2953 dicam.

337 3009 418 3074 Obs.
447 3026 478 3071 2.
522 3010 604 3071 Am,
641 3010 778 3083 Omnes
807 3013 831 3074 1.
860 3030 887 3073 c.
910 3010 992 3074 fuse
1024 3002 1178 3091 descripsit

225 3123 262 3175 et
284 3134 303 3173 a
324 3113 553 3194 praecedente
581 3111 742 3176 distinxit.
796 3115 935 3174 Bursam
970 3115 1081 3178 maris
1109 3118 1181 3177 obsi

225 3215 298 3278 lete
328 3215 522 3297 triquetram
542 3228 575 3276 et
592 3213 689 3275 simul
710 3217 854 3297 amplam
869 3216 986 3291 refert,
1011 3218 1112 3298 quod
1132 3215 1182 3297 ipse

215 3318 349 3378 ⁴saltem
380 3337 475 3379 secus
506 3316 579 3378 vidi
605 3333 638 3380 et
668 3320 710 3378 ab
734 3300 937 3382 evolutione
959 3319 1071 3400 panis
1095 3320 1185 3381 sorsat

227 3423 375 3503 pendet,
398 3441 514 3501 neque
540 3432 650 3481 cutem
675 3425 848 3502 crispatam
874 3421 1096 3501 pellucidam
1116 3432 1186 3484 natu·

230 3524 335 3583 ralem
359 3524 518 3586 dicerem.
568 3524 645 3584 Ova
669 3525 753 3585 vidit
777 3522 900 3586 ovalia.

346 3643 423 3704 Otr.
445 3659 475 3722 5.
511 3643 733 3724 Strongylum
754 3656 909 3704 nostrum
932 3642 974 3703 cl.
1000 3643 1100 3707 Rosa
1122 3639 1186 3717 (lael

232 3751 303 3802 tere
325 3745 536 3825 zoologiche·
580 3744 687 3807 Pavia
714 3755 811 3828 1794.
837 3755 871 3820 4.
898 3765 934 3827 p.
959 3760 993 3824 7,
1016 3766 1053 3809 n.
1076 3749 1123 3824 9.)
1142 3733 1187 3802 siti

234 3841 383 3907 dubium
405 3845 512 3912 obiter
532 3848 647 3916 refert.
