2408 4478
541 254 823 334 -524r-

256 372 321 511 3⁰·
347 417 686 507 Echinorhynchus
714 415 821 487 Tube
845 422 892 491 R.

315 555 499 615 Fronucn
519 548 668 629 (Naturf.
692 564 745 625 29.
767 568 800 627 p.
821 547 874 625 65.
899 566 936 613 n.
958 557 1017 624 34.
1038 544 1122 611 'rau
1137 565 1165 617 8·

209 654 282 736 Fig.
312 654 379 732 14.)
414 651 555 714 nomine
584 649 668 712 Ech.
699 647 871 711 Aluconis
909 652 1091 731 specimen
1120 651 1164 713 de

210 754 337 836 scripsit
364 755 401 816 in
434 749 600 815 intestinis
633 753 759 832 Strigis
798 753 956 815 Aluccuis
990 768 1161 833 repertum,

209 870 348 923 eatenus
368 857 409 916 ab
433 853 509 928 illis,
533 874 620 933 quae
638 852 672 913 in
684 849 955 941 Strigeflammea
974 855 1101 937 reperi,
1116 857 1160 919 de·

209 960 356 1033 ssectens,
373 957 465 1037 quod
489 956 578 1016 collo
601 955 697 1018 brevi
714 954 913 1016 instructum
935 954 1079 1034 dicatur,
1094 978 1158 1020 cum

210 1060 292 1122 meis
318 1060 443 1119 collum
466 1056 561 1121 desit.
606 1056 771 1119 Vesiculn
786 1076 869 1119 vero
893 1058 1045 1120 lateralis
1067 1060 1156 1143 apicis

211 1162 335 1223 caudae
358 1158 614 1240 appendiculam
635 1177 736 1220 sexus
758 1172 886 1219 tantum
910 1158 1099 1225 discrimen
1118 1183 1154 1224 ar·

96 1348 99 1354 Ι
210 1266 290 1347 guit,
313 1262 461 1344 ideoque
483 1258 704 1322 differentiam
726 1261 850 1342 speciei
870 1280 944 1323 non
966 1261 1087 1331 elficit.

253 1420 319 1509 ¹5²·
344 1419 681 1511 Echinorbynchus
706 1422 802 1489 Acus
827 1414 873 1489 R.

317 1548 643 1630 Echinorhynchum
679 1548 878 1610 lineolatum
911 1548 1086 1615 Miinnnu
1112 1573 1153 1617 ru·

210 1651 359 1717 ctoritate
383 1664 574 1713 commotus
604 1651 674 1713 Ent
704 1650 753 1712 H.
780 1666 807 1712 1·
837 1668 871 1730 p.
893 1661 970 1721 281.
992 1673 1031 1719 n.
1052 1666 1105 1729 24.
1123 1658 1153 1717 ab

210 1757 294 1820 Ech.
316 1754 394 1816 Acu
418 1755 464 1819 ib.
486 1772 519 1834 p.
541 1763 603 1833 278
641 1774 673 1812 n.
705 1762 756 1827 83.
783 1749 929 1831 sejunxi,
949 1754 1023 1817 'sed
1053 1753 1155 1845 incip
1195 1758 1197 1793 ³

211 1855 471 1932 munitionibus,
493 1853 606 1936 potius
623 1852 879 1935 conjungendos
903 1853 1030 1937 videri,
1043 1858 1156 1923 addidi.

208 1961 312 2025 Nunc
336 1957 508 2038 utriusque
527 1969 625 2022 utens
650 1953 890 2037 speciminibus
904 1955 974 2018 hoc
992 1960 1155 2023 confirm

209 2078 284 2127 tum
305 2059 389 2124 vidi.
497 2079 500 2087 ·

316 2160 400 2224 Am.
424 2162 545 2222 Grum:
574 2158 733 2222 nimirum
755 2158 1070 2242 Echinorhynchos
1089 2180 1156 2229 nttn·

109 2282 111 2287 ·
210 2268 248 2339 lit
270 2278 452 2325 auctumno
477 2262 606 2323 Kilonii
627 2260 662 2323 in
687 2263 780 2324 Gado
803 2264 976 2343 Marlango
1001 2286 1155 2350 repertos,

211 2387 355 2450 quorum
379 2363 499 2423 unicus
521 2363 701 2426 lineolatus
725 2365 798 2427 sive
828 2368 1052 2431 transversim
1073 2371 1156 2435 inter·

209 2482 308 2550 rupte
329 2465 468 2546 plicatus
497 2465 570 2543 fuit,
594 2483 626 2528 et
649 2470 689 2530 cl.
713 2467 766 2529 vir
788 2486 906 2529 omnes
928 2467 978 2528 ita
1000 2491 1156 2554 compen·

211 2588 261 2635 tos
284 2567 388 2630 fuisse
409 2566 543 2638 addidit,
569 2567 652 2628 dum
674 2569 710 2629 in
729 2568 870 2629 Callaria
893 2562 1025 2650 reperti
1050 2588 1156 2639 omnes

209 2673 327 2735 laeves
357 2668 433 2732 sive
466 2667 670 2729 lineolarum
699 2685 851 2752 expertes
873 2671 1024 2752 luerint,
1054 2679 1156 2757 quales

208 2775 284 2858 ipse
307 2776 408 2835 etiam
436 2769 472 2829 in
503 2771 567 2830 hoc
595 2771 686 2851 pisce
721 2772 801 2834 olim
835 2772 978 2840 offendi.
1031 2776 1156 2843 Praeter

207 2877 313 2964 plicas
335 2874 408 2936 illas
432 2873 528 2933 nullo
551 2875 654 2934 modo
679 2873 851 2949 differunt,
875 2889 909 2938 et
938 2878 1026 2941 istae
1050 2900 1072 2942 a
1091 2881 1157 2943 laxi·

209 2995 274 3044 tate
296 2976 379 3041 cutis
408 2974 571 3056 originem
601 2977 749 3055 trahunt,
779 2996 866 3057 quae
895 2988 1013 3041 tamen
1044 2979 1158 3047 hucin

208 3080 323 3164 specie
344 3077 434 3160 privi
458 3077 539 3158 quid
561 3078 674 3141 habet.

256 3251 320 3327 35.
351 3236 688 3328 Echinorhynchus
719 3233 988 3344 monilifortnis
1020 3243 1158 3314 Belus·

356 3382 393 3428 n.
419 3380 473 3451 sp.

193 3482 196 3489 ⁴
246 3544 249 3549 .
311 3484 395 3552 Am.
425 3490 588 3550 Bnmrsnn
615 3484 786 3568 specimen
812 3483 900 3547 misit
926 3488 965 3548 in
996 3480 1159 3554 intestini·

208 3590 317 3654 Muris
339 3591 464 3652 arvalis
486 3603 670 3671 repertum,
712 3602 854 3669 quatuor
879 3588 1030 3670 pollices
1055 3606 1089 3655 et
1108 3607 1158 3651 ne
1198 3604 1200 3611 ·

207 3708 287 3751 vem
310 3691 414 3753 lineas
437 3693 589 3773 longum,
607 3694 689 3752 duas
699 3691 812 3754 lineae
833 3689 944 3752 tertias
956 3705 1073 3774 partes
1091 3706 1157 3755 cras

208 3809 295 3874 sum,
318 3792 442 3852 album.

312 3892 491 3979 Proboscis
513 3894 723 3979 sublimaris,
746 3895 821 3963 sive
844 3893 1052 3982 cylindrica,
1075 3891 1155 3979 apin
