2452 4478
436 195 719 284 -615-

77 378 163 444 295.
185 363 208 424 f.
252 364 316 427 Di.
336 360 500 424 Burussn
526 365 613 426 iiber
639 361 788 427 lebende
808 361 972 427 Wt'irmer
994 360 1041 425 im

77 466 299 528 .-iebenden
314 447 532 527 Menschen.⁴
558 467 628 526 Ein
649 465 818 526 Buch·i'iir
842 452 1042 527 ausiibentie

114 567 264 631 Aetate.
306 566 481 629 Minnacb
504 566 564 630 der
580 567 689 630 Natus
710 565 1039 650 geueichnetenAb·

67 690 95 735 ·.
123 669 313 751 bildungen
336 668 396 731 auf
423 669 499 731 vier
520 669 654 732 Taieln.
696 671 805 733 Nebst
828 667 940 731 einem
963 667 1036 731 An·

76 804 96 813 ··
115 772 214 854 =hang
248 774 347 835 iiber·
363 770 747 837 Pseudo-Helmimhen·
807 772 913 833 Wien
944 781 1035 849 1819.

59 864 90 943 ’ξ
120 875 208 939 ΧΠ.
231 886 266 938 et
288 884 360 946 28¹1.
383 895 416 953 p.
438 871 485 934 in.
498 891 529 955 4.
551 895 631 937 cum
652 877 740 936 tabb.
757 874 824 937 IV.
840 871 1035 953 majoribus,

69 1022 74 1033 .
121 974 241 1056 quinta
273 975 416 1040 minore.
437 978 458 1017 ὓ
486 974 604 1042 Liber
634 975 806 1060 egregius,
842 975 901 1056 qui
936 974 1033 1037 brevi

12 1114 22 1123 -
105 1080 283 1147 ¹onmium
302 1079 338 1139 in
358 1098 465 1141 manu
487 1077 560 1153 erit,
581 1095 613 1143 et
635 1083 689 1145 sui
700 1100 814 1163 parem
837 1099 909 1151 non
932 1096 1031 1159 agno,-

118 1179 200 1254 scit‚
220 1201 336 1260 neque
358 1179 458 1249 facile
480 1179 647 1247 inveniet.
687 1182 792 1249 Multi
814 1180 954 1261 quidem
975 1198 1029 1239 au·

12 1304 17 1329 =
65 1292 72 1351 ;“
117 1298 230 1353 utores
252 1282 392 1365 iugenio
414 1297 571 1363 utuntur,
602 1304 705 1368 saepe
727 1305 861 1368 magno,
882 1281 941 1343 sed
965 1300 1029 1341 ma·

12 1392 14 1401 '
62 1424 67 1443 ι
92 1406 184 1467 ¹gna
212 1404 284 1453 non
316 1383 513 1464 perficiunt,
545 1407 623 1453 cum
652 1387 735 1468 alia,
766 1402 823 1462 aut
849 1405 920 1445 non
951 1380 1027 1461 satis

115 1486 263 1567 agendo¹
286 1505 339 1549 res
362 1501 578 1566 pertractent,
608 1505 641 1555 et
667 1490 692 1552 ii
720 1487 936 1551 solummodo
961 1484 1028 1546 exi·

58 1642 63 1647 .
112 1586 177 1661 mii
199 1586 334 1651 dicendi
356 1603 451 1666 sunt,
484 1589 542 1669 qui
576 1591 716 1674 ingenio
738 1589 1026 1667 excitam-labore

54 1742 58 1747 .
110 1710 293 1770 nunquam
322 1689 463 1772 fatigati,
492 1693 650 1755 omnibus
682 1696 801 1757 ceteris
826 1711 937 1771 neque
961 1685 1025 1757 sibi

60 1854 63 1859 ,
111 1807 228 1853 tamen
250 1790 465 1871 satisfaciunt,
487 1794 677 1876 quibusque
697 1797 724 1857 si
747 1796 839 1858 ullus
861 1812 1022 1872 unquam,

56 1944 60 1949 .
108 1895 312 1962 Bitnnsrnus
335 1909 424 1958 certe
452 1898 725 1963 adnumerandus
749 1912 806 1961 est.
1000 1880 1003 1887 Ι

175 1994 298 2076 Capite
324 2000 430 2078 primo
463 2000 506 2061 de
534 2001 738 2064 formatione
763 2016 943 2080 corporum
971 2014 1019 2055 or·

58 2096 268 2187 ganioorum
289 2097 325 2161 in
348 2099 545 2179 corporibus
575 2103 741 2186 organicis
771 2103 852 2183 agit,
875 2114 1018 2176 eamque

56 2204 285 2286 primitivam,
319 2221 418 2279 quam
451 2204 540 2277 hene
572 2205 651 2267 dicit
679 2206 774 2285 (alias
796 2182 1018 2284 spontaneam

56 2303 124 2367 vel
153 2302 343 2383 organicam
372 2288 525 2383 dictam),
557 2325 631 2369 esse
665 2306 808 2383 evincit,
843 2287 1030 2379 multaque

56 2401 161 2469 utilia
180 2403 280 2465 simui
313 2405 460 2468 adstruit.
505 2405 543 2469 G.
564 2409 703 2477 secundo
734 2408 885 2487 Systema
910 2382 1016 2463 Ento'-

53 2527 217 2570 zoorum.
245 2508 281 2569 Ο.
293 2524 324 2584 3.
338 2507 562 2582 Intestinalia:
580 2507 881 2587 Trichocepltaius3
899 2505 1013 2587 Oxyug

51 2608 106 2673 ris
130 2609 378 2682 vermicularis3
401 2609 483 2675 Asc.
501 2613 625 2676 lumbr.
647 2608 1012 2690 Bothriocephalusia·

47 2726 130 2783 susg
163 2711 290 2774 Taenia
322 2712 461 2782 Solium,
510 2715 597 2775 Tam
619 2729 739 2794 paucas
767 2709 857 2773 inter
883 2706 1009 2788 species

49 2828 107 2877 tot
131 2834 191 2892 per
214 2817 325 2877 secula
348 2819 540 2879 observatas
563 2816 624 2881 cel.
642 2816 696 2877 vir
721 2814 788 2877 Ox.
812 2808 1009 2874 vermicula-

48 2914 100 2979 ris
121 2938 237 2981 marom
257 2919 383 2997 primus
405 2916 594 2999 descripsit,
624 2930 656 2980 et
676 2918 719 2980 T.
738 2918 837 2978 latam
859 2911 1010 2973 Lrsnsrr

50 3042 73 3082 a
95 3017 190 3079 Solio
212 3041 323 3098 genere
348 3015 485 3106 differre
506 3023 628 3100 pariter
647 3023 772 3102 primus
791 3015 933 3078 ducenis.
969 3010 1007 3072 C.

48 3136 86 3197 4.
111 3122 171 3207 De
194 3122 300 3182 causis
333 3112 476 3184 entozoa
506 3121 706 3184 intestinalia
732 3113 1006 3203 producentibus,

47 3224 114 3287 ubi
135 3222 228 3284 varia
252 3224 383 3306 egregia
406 3225 600 3288 afferuntur.
649 3225 687 3288 Ο.
711 3239 740 3301 5.
765 3224 821 3288 De
850 3214 1004 3309 diagnosi

45 3328 222 3389 vermium
242 3325 503 3400 intestinaliutn,
526 3342 559 3389 et
586 3327 713 3388 morbis
733 3325 773 3387 iis
799 3321 1003 3385 debitorum.

43 3428 84 3492 C.
110 3430 139 3489 6.
164 3431 218 3493 De
239 3427 555 3491 Anthelminthicis.
599 3428 632 3491 C.
656 3445 685 3508 7.
707 3430 763 3490 De
782 3421 918 3506 speciali
936 3440 1002 3482 me-

43 3532 156 3595 thodo
181 3513 432 3594 anthelrnintica
454 3525 595 3608 singulis
624 3529 797 3592 vermibus
828 3543 1001 3606 opponen-

44 3634 100 3711 da,
119 3636 242 3717 longae
265 3636 402 3714 quidem
416 3629 654 3712 experientiae·
667 3632 788 3692 fructu.
833 3628 866 3688 C.
888 3638 921 3698 8.
936 3627 998 3687 De

40 3735 168 3799 Fiiaria
191 3734 398 3806 medinensi3
434 3731 652 3804 Hamularia3
681 3733 858 3813 Strongyle
877 3732 998 3814 ..gigbm

40 3852 109 3903 teo.
157 3841 197 3904 C.
218 3857 249 3916 9.
264 3837 321 3903 ¹de
341 3838 534 3901 Distomate
556 3831 741 3916 hepaticus
766 3834 998 3916 Polystomtte
