2452 4478
468 236 749 311 ...522-

136 395 230 458 cenda
252 390 305 475 sit,
329 412 371 455 ex
390 382 463 453 basi
486 389 652 452 nimirum
681 379 799 447 conica
825 396 1082 469 parumperau.

135 516 220 581 getur
243 513 277 567 et
299 499 437 560 demum
460 492 593 556 linearis
616 490 663 551 fit.

178 655 236 728 26.
263 650 600 742 Eclrinorhynchus
626 662 854 718 transversus
879 650 976 721 nn.
1002 614 1054 746 sp.
1133 627 1139 636 ’

229 787 444 866 Singularum
480 781 599 844 avium
627 794 720 865 quos!
744 775 816 837 vidi
846 775 1081 865 Echinorhyn.

136 889 205 950 chos
232 891 297 950 huc
319 889 476 948 iacientes
499 878 667 964 sigillatim
689 879 885 942 recensebo,

209 1014 236 1053 a.
260 991 340 1052 Am.
363 990 526 1051 Bannsan
550 982 721 1065 specimen
745 979 835 1040 misit
856 976 893 1042 in
915 978 1078 1052 intestino

136 1094 239 1163 Sterni
259 1093 407 1157 occisoris
437 1102 627 1168 repertum,
667 1083 820 1163 quinque
842 1081 949 1147 lineas
980 1103 1077 1173 supe.
1142 1083 1144 1088 ’

136 1202 351 1277 1ans‚praeter
368 1187 604 1273 proboscidem
619 1185 711 1248 linea
722 1183 858 1245 dimidia
874 1184 1075 1272 longiorem,

136 1299 333 1376 alterumque
370 1293 432 1354 slbi
463 1311 535 1354 esse
566 1290 671 1370 duplo
702 1285 809 1365 majus
836 1283 954 1352 litteris
984 1315 1077 1372 man.
1164 1290 1165 1295 ’

136 1399 225 1460 davit.
1083 1384 1087 1391 ”

227 1499 402 1562 Proboscis
428 1483 581 1569 lineariS,
609 1481 667 1555 vei
691 1481 831 1555 anticam
859 1508 987 1578 partem
1008 1493 1100 1565 tan·'

136 1599 234 1664 tillum
257 1602 413 1675 crassior3
437 1602 640 1661 uncinorum
656 1596 880 1659 mediocrium
890 1600 1075 1683 (majorum

137 1721 221 1781 quam
245 1693 283 1763 in
312 1705 396 1765 Eeb.
423 1695 665 1776 rniciacan'tho)
694 1699 842 1762 seriebus
873 1702 1075 1787 vigintiqua.
1135 1718 1142 1726 '

136 1815 199 1866 tuot
218 1807 258 1865 ad
283 1797 417 1886 triginta
441 1805 547 1866 dense
573 1816 708 1872 armaten
744 1801 879 1881 corpori
913 1819 1076 1872 transver.

138 1903 186 1969 sim
215 1902 371 1989 apposita.
423 1905 548 1968 Collum
577 1903 720 1963 nullum.
764 1902 892 1983 Corpus
920 1903 1077 1987 cylindri,

137 2028 211 2083 cum,
233 2019 421 2071 antrorsum
442 2007 594 2083 tenuius,
618 2003 709 2084 apice
729 2006 859 2083 postico
883 2013 1075 2080 rotundato.

204 2113 238 2172 b.
260 2114 357 2174 ldem
379 2109 504 2170 amicus
529 2104 701 2188 specimen
723 2104 816 2184 quod
846 2092 1073 2185 examinarem

136 2224 253 2276 metum
290 2205 568 2281 communicavit,
609 2201 646 2267 in
684 2205 842 2270 intestino
876 2204 1074 2284 Motocr'llne

136 2315 323 2398 Stopozr'noc
352 2314 439 2392 Majo
467 2325 653 2391 repertum,
686 2311 838 2412 quinque
866 2306 974 2379 linea‘s
1002 2323 1074 2386 lon.

136 2430 218 2496 gum3
239 2409 436 2502 proboscide
458 2414 538 2474 duas
561 2410 673 2474 lineae
695 2408 805 2476 tertias
827 2435 936 2497 partes
958 2424 1072 2526 longa,

136 2518 211 2598 spice
234 2522 421 2590 rotundam,
442 2530 644 2587 transversa,
668 2512 870 2579 uncinorum
893 2523 968 2585 satis
994 2519 1074 2591 vali·

137 2619 244 2684 dorum
264 2621 413 2683 seriebus
429 2619 695 2699 vigintiquatuor
717 2617 759 2676 ad
782 2608 915 2699 triginta
933 2631 1073 2704 munita,

135 2727 201 2788 collo
237 2726 352 2797 nnllo;
388 2743 521 2803 corpore
549 2724 740 2779 antrorsum
768 2734 951 2799 attenuato,
983 2730 1074 2793 dein.

137 2840 200 2909 ceps
228 2828 408 2902 crassiore,
442 2837 535 2906 parte
565 2820 696 2900 reliqua
723 2825 874 2900 aequali,
906 2823 1070 2910 tenuiore,

137 2920 212 3007 apice
235 2922 363 3010 postico
391 2930 523 2988 obtuso.

207 3051 231 3092 c.
255 3031 351 3091 Misit
375 3035 512 3110 quoque
536 3013 605 3083 duo
629 3010 809 3104 specimina
838 3019 874 3089 in
905 3017 1080 3095 intestinis
1136 3060 1139 3065 ·

141 3126 224 3192 Turdi
244 3136 359 3214 cyanei
381 3123 568 3211 Septembri
589 3130 667 3196 1812
683 3144 823 3209 reperta,
847 3130 987 3195 alterum
1009 3152 1073 3199 tres
1113 3168 1115 3175 ⁴

138 3238 197 3295 tum
218 3235 367 3307 dimidia,
390 3234 530 3294 alterum
546 3227 697 3310 quinque
721 3252 798 3292 cum
814 3231 949 3296 dimidia
967 3237 1074 3301 lineas

138 3329 277 3414 longum,
300 3348 393 3418 parte
413 3330 612 3394 crassissima
634 3321 761 3401 lineam
785 3344 961 3417 aequante,
984 3324 1076 3402 colio
1172 3343 1175 3351 ’

138 3438 228 3513 nullo,
251 3432 453 3520 proboscide
476 3433 610 3515 corpori
625 3434 765 3516 oblique
775 3436 837 3501 vel
858 3441 1081 3509 transversim

139 3530 287 3620 inposita.

210 3661 240 3722 d
267 3648 416 3720 Addidit
439 3652 575 3719 demum
604 3656 664 3719 trit
687 3647 871 3740 specimina
892 3648 929 3723 in
952 3651 1077 3726 intesti-

139 3756 180 3822 nis
195 3758 293 3826 Turdi
314 3776 418 3823 novoe
439 3750 560 3840 speciei
584 3761 695 3834 obvia,
719 3775 862 3842 quatuor
884 3762 924 3822 ad
950 3780 1078 3859 septem

139 3854 230 3927 lineas
251 3864 371 3947 longa,
399 3861 602 3946 proboscide
629 3876 815 3942 transversa
843 3862 1079 3948 polyacantha,

788 3959 824 4028 x
915 4063 918 4067 ,
