2452 4478
396 225 678 309 -559··-

60 385 126 461 mis
149 383 289 446 caudam
312 375 442 441 facilius
465 377 672 460 separandis.
715 376 844 446 Intimi
875 387 1024 474 oblongi

57 502 111 554 est
134 485 249 551 vesica
270 482 426 556 caudalis,
451 494 484 545 et
508 481 637 543 clavata
657 480 737 543 huic
751 487 908 554 exterior.
929 496 1023 560 Inde

57 568 161 655 etiam
184 590 378 671 explicatur,
402 583 459 665 qui
483 583 519 645 in
541 585 664 666 hepate
687 589 815 668 absque
838 597 953 658 vesica
967 620 1022 661 ex·

58 695 146 756 tima
181 692 265 752 dura
299 708 433 753 vermes
473 685 652 770 persistere
687 707 852 769 possunt;
893 700 1023 782 duplici

58 793 156 862 enim
191 792 416 877 gaudentibus
447 809 558 855 motus
587 791 675 856 liber
702 798 913 883 conceditur,
941 808 1023 879 licet

58 898 178 964 vesica
192 911 339 960 'externe
363 896 548 958 adhaereat.
572 896 618 957 In
639 897 956 980 recentibusjautem
977 911 1023 971 la·

56 1001 176 1065 minae
200 1016 287 1063 certe
301 999 402 1060 valde
427 997 488 1058 sibi
506 996 684 1064 inhaerere
701 1022 853 1085 possunt,
869 1023 906 1072 ut
922 1010 1022 1078 inter·

56 1128 140 1168 nam
162 1103 312 1186 Neapoli
333 1103 620 1184 praeterviderim
984 1090 990 1099 ⁵

84 1284 88 1293 Ι
169 1225 202 1272 2.
224 1210 270 1270 In
294 1205 487 1268 cancroma·
507 1207 618 1286 glauci
638 1207 705 1270 vixv
720 1213 850 1292 pedalis
872 1219 1022 1284 abdomi-

57 1333 106 1375 ne
129 1309 283 1402 Neapoli
305 1309 399 1371 Julio
433 1327 550 1370 mense
582 1311 751 1390 cystidem
777 1318 888 1400 reperi
918 1324 1022 1404 cylin-

59 1403 188 1476 dricam
210 1433 271 1476 sex
293 1413 399 1475 lineas
417 1413 566 1492 longam,
589 1411 662 1475 fere
677 1414 801 1479 lineam
824 1421 933 1502 latam,
957 1441 1022 1487 tur-

58 1516 188 1601 gidam,
210 1515 426 1598 pellucidam,
447 1515 552 1576 altero
576 1515 644 1578 fine
660 1537 765 1597 opaco
788 1541 940 1604 excepto,
960 1529 1020 1608 qui
1109 1550 1114 1564 ·

60 1635 162 1702 caput
184 1634 363 1682 retractum
386 1621 563 1700 arguebat,
593 1619 687 1699 quod
715 1635 829 1686 tamen
859 1629 1020 1697 extricare

56 1739 130 1788 non
151 1722 259 1791 licuit.

170 1823 330 1890 Calendis
352 1821 504 1904 Augusti
532 1828 644 1884 autem
674 1823 801 1889 ibidem
831 1831 1020 1898 Centrono.

60 1946 113 1993 tus
145 1945 210 1993 tres
239 1950 315 1989 cum
351 1926 492 1987 dimidio
526 1928 631 2008 pedes
658 1928 782 2010 longus
812 1933 929 1994 allatus
957 1953 1018 2013 est,

60 2033 158 2114 cujus
184 2031 220 2093 in
254 2029 436 2093 abdomine
464 2029 648 2110 specimina
675 2033 806 2112 majora
840 2037 951 2116 reperi
985 2056 1019 2104 et

35 2135 204 2201 ‚omnino
231 2135 362 2206 eadem,
399 2153 435 2193 ac
459 2153 545 2212 quae
566 2131 696 2213 aliquot
715 2150 791 2197 ante
814 2134 885 2200 dies
907 2128 944 2202 iri
958 2142 1019 2205 Or·

59 2236 269 2322 thragorisco
299 2240 516 2312 inveneram,
550 2247 588 2297 ut
619 2235 661 2297 de
683 2235 736 2298 his
758 2239 898 2305 nullum
921 2245 1016 2309 dubi.

58 2363 122 2405 um
147 2355 199 2406 ili·

166 2461 199 2527 5.
220 2446 263 2506 ln
286 2444 442 2506 sciaenae
465 2443 604 2526 Aquilae
631 2443 839 2509 mesenterio
868 2448 1031 2533 Neapoli

56 2547 165 2612 lunio
188 2548 370 2610 duodecim
395 2559 428 2608 et
455 2545 549 2626 quod
579 2548 725 2606 excurrit
750 2547 862 2628 reperi
889 2552 1018 2635 hydati.

58 2652 138 2726 des,
173 2663 240 2721 tres
264 2651 305 2710 ad
329 2645 491 2710 undecim
512 2645 619 2709 lineas
640 2648 776 2730 longas,
811 2671 917 2714 unam
939 2657 1018 2719 alte·
1084 2702 1086 2708 .

57 2774 176 2816 ramve
197 2755 297 2827 latas,
334 2750 496 2831 utrinque
526 2751 674 2811 obtusas.
717 2750 850 2814 Tunica
879 2771 1017 2821 externa

58 2856 182 2937 albida,
204 2853 406 2923 mesenterio
432 2874 499 2935 ope
519 2852 702 2916 cellulosae
724 2856 887 2936 revincta,
917 2859 1016 2923 firma

58 2974 91 3023 et
114 2959 263 3034 elastica,
299 2979 365 3038 qua
398 2969 511 3038 aperta
540 2955 641 3019 etiarn
667 2957 844 3039 hydatides
870 2959 1015 3025 formam

57 3082 154 3124 suam
177 3060 352 3124 retineant.
395 3059 547 3123 Externa
568 3059 682 3121 tunica
705 3061 890 3142 prudenter
903 3047 1016 3145 aperta

56 3185 145 3245 aqua
167 3165 262 3225 nulla
284 3163 401 3238 effluit,
423 3162 482 3223 sed
503 3184 596 3224 nova
619 3164 654 3222 in
678 3178 898 3243 conspectum
920 3168 1016 3232 venit

56 3266 191 3350 hydatis
205 3265 448 3349 candidissima,
459 3263 639 3346 pellucida‚
653 3268 756 3327 altero
773 3281 925 3331 extremo
939 3292 1015 3353 opa.

56 3391 106 3432 ca.
156 3366 342 3431 Pressione
373 3366 521 3429 adhibita
556 3389 642 3448 aqua
670 3389 713 3430 ex
751 3372 872 3433 eadem
902 3374 1016 3441 exsilit

13 3536 17 3549 ,
55 3471 199 3554 limpida
220 3486 254 3534 et
273 3473 404 3532 macula
426 3469 485 3532 illa
514 3490 618 3551 opaca
645 3469 681 3531 in
710 3472 860 3553 corporis
890 3481 1015 3560 capitis·

56 3596 123 3656 que
154 3571 304 3656 speciem
332 3575 517 3638 evolvitur.
567 3573 736 3656 Cysticum
766 3595 839 3638 esse
862 3598 1015 3648 vermem

10 3698 13 3706 ·
54 3678 187 3741 evictus
212 3676 360 3755 quidem,
384 3676 445 3738 sed
468 3676 550 3737 dum
564 3676 656 3737 hunc
674 3691 752 3740 ante
769 3676 1014 3766 Anthocepha-

52 3783 105 3843 los
129 3781 246 3840 Molae
270 3792 302 3840 et
336 3777 537 3840 Centronoti
572 3780 769 3856 observavi,
808 3783 852 3846 de
886 3807 1014 3869 genere

52 3881 180 3945 dubius
204 3881 265 3941 lui.
308 3881 411 3942 Nunc
432 3881 499 3945 hoc
521 3881 660 3964 quidem
682 3898 810 3949 certum
832 3900 898 3970 est,
927 3910 1013 3952 num

1062 1321 1075 1347 ἱ
