2452 4478
176 405 259 471 oss.
282 421 311 466 2.
330 404 431 473 Idetn
454 399 600 464 Amicus
631 394 763 478 aliquot
783 393 974 480 specimina
994 401 1032 479 in

58 511 248 576 abdomine
283 509 412 588 Triglae
434 505 614 595 jasciarae
645 501 806 586 Augusto
840 524 959 567 mense
994 506 1032 565 in

57 615 204 679 Brasilia
227 616 360 692 reperta
384 631 451 670 una
475 629 551 669 cum
583 606 712 667 horum
740 605 901 691 icopibus
930 607 1033 684 misit,

61 722 104 782 de
137 718 260 797 quibus
297 728 411 774 utrum
441 711 508 772 huc
536 700 677 784 faciant,
717 729 761 769 an
793 707 969 790 propriam
993 715 1033 772 si·

59 835 151 885 stant
172 809 333 899 speciem,
357 818 504 875 incertus
528 830 616 879 sum.

169 922 314 981 Bochria
353 933 498 996 quatuor
529 916 695 979 videntur
727 915 859 995 (neque
893 909 963 978 duo
987 914 1034 980 bi·

58 1011 179 1102 loha),¹
194 1023 316 1094 ovalia,
340 1020 471 1101 exigua,
493 1033 662 1081 contracta
685 1032 719 1082 et
741 1017 1032 1093 conveniuscu123

35 1107 284 1212 'proboscides'
298 1123 415 1202 quales
436 1124 565 1201 priores
589 1119 723 1184 uncinis
745 1121 849 1184 ternis
864 1116 1034 1204 spiraliter

60 1245 220 1293 armatae.
284 1225 390 1307 Caput
418 1222 544 1284 lineam
581 1238 729 1304 superat.
784 1223 911 1288 Collum
948 1227 1033 1287 duas

61 1333 198 1396 circiter
220 1327 326 1389 lineas
349 1329 505 1408 longum,
528 1338 640 1389 teres(
679 1328 808 1410 Corpus
830 1327 960 1392 lineam
981 1350 1033 1391 su-

60 1452 189 1520 perans
214 1432 328 1492 ovale.
376 1430 494 1492 Vesica
515 1429 665 1490 candolis
679 1431 837 1511 collapsa,
861 1431 1032 1513 depressa,

62 1558 143 1600 cum
183 1548 255 1594 toto
297 1552 414 1593 verme
456 1550 521 1611 ope
555 1529 687 1610 spiritus
730 1533 1034 1628 luscescenslred-

59 1640 149 1716 dira,
184 1623 470 1717 sesquipollicaris
497 1632 558 1695 vel
581 1651 658 1693 cum
686 1647 757 1698 toto
781 1658 901 1702 verme
923 1637 1033 1722 bipol-

59 1740 214 1807 licaris.·
1069 1747 1072 1750 ’

116 1886 484 1993 5.]Αηῑ1ιοοερ11ειῙυε
510 1890 745 1990 interruptus
769 1902 813 1968 R.
839 1925 875 1969 n·
901 1922 955 1998 sp.

176 2045 260 2108 Am.
283 2051 327 2104 ab
343 2037 485 2104 'Onasus
509 2041 691 2123 specimina
709 2044 745 2106 in
766 2047 948 2113 abdomine
967 2051 1033 2116 Tri-

61 2155 174 2216 chiuri
198 2151 324 2228 lapsuri
339 2146 452 2226 hepati
471 2158 503 2205 et
522 2144 689 2208 intestinIs
703 2148 919 2215 adhaerentia
933 2156 1036 2221 Octo.

61 2256 117 2319 bri
140 2271 260 2316 mense
283 2249 320 2310 in
342 2247 488 2308 Brasilia
518 2263 668 2328 reperta,
706 2251 754 2313 uti
783 2252 841 2314 illa
869 2261 1034 2336 priorum,

62 2380 129 2442 pro
154 2350 421 2434 Tetrarhyncbis
443 2348 546 2422 dedit,
572 2365 659 2413 cert-e
680 2351 897 2436 hydatidibus
928 2349 1036 2425 inclu-

63 2483 100 2524 sa
109 2507 120 2542 ‚
144 2479 226 2540 quas
249 2477 320 2518 non
344 2454 534 2515 transmisit.

175 2563 324 2624 Vermes
349 2555 427 2632 albi,
450 2548 613 2638 pollicem
637 2555 814 2642 dimidium
836 2559 949 2648 longi,
980 2587 1036 2633 ca.

61 2670 138 2752 pice
161 2664 305 2728 bochriis
329 2675 474 2744 quatuor
497 2660 654 2719 ovalibus
680 2663 852 2742 expansu,
876 2670 917 2728 ad
939 2691 1033 2751 prae.

64 2771 245 2833 cedentem
270 2762 422 2844 speciem
442 2763 479 2824 in
503 2763 607 2844 Sparo
631 2777 798 2843 repertam
819 2769 968 2835 maxime
986 2796 1035 2836 ac.

55 2873 202 2938 cedunt.
234 2866 455 2930 Proborcidos
479 2866 635 2949 ejusdem
657 2865 793 2930 indolis.
840 2866 969 2933 Collum
987 2886 1034 2938 te·

64 2996 135 3038 nue
159 2976 284 3044 breve3
324 2991 444 3050 corpus
477 2987 618 3032 ovatum
643 2971 749 3032 breve
773 2991 840 3054 ope
862 2976 963 3054 partis
987 2989 1034 3040 te·
1112 3003 1113 3006 ¹

64 3075 198 3141 nuioris
221 3074 258 3137 in
280 3077 423 3136 vesicam
445 3075 613 3135 caudalem
637 3074 825 3156 oblongam
847 3095 947 3158 saepe
959 3095 1036 3141 con·

64 3181 212 3245 strictam
234 3176 365 3240 abiens.
401 3175 595 3257 Specimini,
619 3177 714 3257 cujus
741 3179 963 3260 proboscides
985 3203 1035 3247 re-

63 3298 190 3348 tractae
225 3293 320 3353 sum,
357 3279 488 3340 collum
515 3280 575 3343 vix
605 3280 643 3342 in
671 3298 892 3364 conspectum
924 3289 1034 3362 venit,

61 3390 125 3453 sed
149 3399 261 3447 totum
282 3401 404 3463 corpus
427 3384 556 3466 absque
586 3383 708 3448 ordine
739 3384 874 3468 saepius
898 3387 1035 3452 constri-

61 3505 159 3554 ctum
182 3499 243 3552 est.

174 3588 320 3652 Amicus
354 3588 502 3673 speciem
535 3584 637 3650 istam
666 3609 685 3650 a
713 3590 1034 3670 praecedentevix

58 3692 239 3784 diuersam
261 3693 384 3770 credit,
409 3712 473 3776 ego
497 3706 610 3755 tamen
631 3687 748 3772 neque
770 3693 806 3757 in
831 3696 896 3758 hac
914 3719 1033 3782 neque

53 3797 96 3863 in
128 3795 301 3882 prioribus
331 3795 481 3866 vesicam
509 3795 687 3859 candalem
715 3795 773 3879 tali
799 3801 906 3865 modo
934 3801 1034 3868 inter.

54 3915 197 3988 ceptam
218 3898 307 3974 vidi.
