2408 4478
544 282 826 332 -220-

203 435 421 520 postmodum
443 428 546 512 magis
566 428 742 510 magisque
765 428 887 507 auctis,
922 436 987 498 cel.
1018 432 1163 497 virorum

209 537 349 620 vestigia
382 552 517 616 premo,
563 550 692 592 nomen
732 533 952 597 solummodo
994 540 1162 614 mutando,

218 662 274 721 luo
317 639 451 721 generis
488 635 668 707 character,
712 631 923 715 inse-quentis
968 637 1162 717 (Trichoce.

203 741 318 825 phali)
340 738 471 801 ratione
493 736 624 810 habita,
654 737 778 799 melius
801 737 1037 825 exprimatur„
1069 741 1163 803 Habi·
1198 794 1200 801 .

128 906 131 911 ,
202 842 353 905 taculum
377 839 668 902 Trichosomatum
692 859 793 918 quarn
814 841 1162 925 Trichocephalorum
1198 860 1200 871 ·

201 945 308 1026 magis
331 954 509 1004 extensum
533 954 598 1013 est,
643 954 676 1002 et
697 940 837 1002 illorum
858 955 932 1005 toto
955 960 1106 1027 corpore
1126 960 1161 1009 te

202 1047 379 1120 unissima,
402 1040 590 1105 insensibili
613 1042 686 1105 iere
708 1046 813 1104 modo
836 1058 1028 1108 retrorsum
1047 1050 1160 1114 incres

203 1162 314 1221 cente,
336 1143 600 1223 Trichoceplrali
623 1166 707 1207 vero
732 1163 823 1226 parte
838 1150 1036 1228 posteriore
1057 1156 1157 1215 subito

203 1267 239 1317 et
259 1249 446 1329 valdoperc
469 1248 660 1321 incrassata,
689 1247 821 1310 habitus
845 1251 976 1312 alienus
1002 1258 1159 1322 redditur.

203 1353 332 1418 Omnia
354 1362 464 1412 autem
492 1343 639 1428 reliqua,
680 1369 718 1410 os
749 1366 783 1412 et
807 1367 927 1414 tractus
950 1356 1156 1433 intestinalis,

197 1456 379 1535 -utriusque
402 1470 502 1512 sexus
527 1449 686 1531 genitalia
707 1468 844 1516 externa
865 1470 899 1518 et
911 1456 1061 1536 interna,
1086 1464 1156 1541 quin

200 1556 277 1639 ipsa
298 1574 365 1618 ova
389 1555 501 1615 ovalia
529 1554 690 1632 utrinque
720 1558 852 1617 nodulo
880 1573 995 1635 aucta,
1043 1583 1156 1627 conve·

200 1661 312 1733 niunt,
335 1670 373 1718 ut
394 1656 518 1719 divisio
538 1655 682 1716 omnino
706 1657 884 1720 artificialis
907 1658 961 1727 sit.

257 1835 292 1890 2.
319 1815 560 1887 Trichosoma
585 1813 884 1888 obtusinsculum
907 1824 953 1889 R.
979 1844 1019 1892 n.
1046 1848 1102 1919 sp.

308 1977 396 2045 Am.
422 1980 589 2043 Bnasrsra
624 1980 811 2059 specimina
840 1993 986 2061 quatuor
1012 1986 1155 2053 leminea

198 2084 292 2150 inter
312 2086 437 2150 Ardeae
461 2083 559 2144 Gruis
585 2081 713 2143 tunicas
739 2083 919 2197 ventriculi
948 2103 1087 2169 reperta
1106 2088 1155 2153 mi·

199 2190 259 2262 sit3
281 2205 413 2248 marem
435 2203 508 2245 non
530 2182 615 2244 vidi.

308 2290 465 2350 Entozoa
509 2285 695 2348 duodecim
738 2288 780 2346 ad
820 2289 1017 2352 octodecim
1058 2294 1154 2358 lineas

199 2392 314 2472 longa,
338 2389 445 2471 capite
468 2387 687 2462 acutiusculo‚
711 2403 802 2468 parte
828 2391 996 2453 anteriore
1015 2396 1154 2476 capillati

201 2490 354 2572 reliquae
368 2490 495 2554 sensim
512 2489 666 2551 crassiori
680 2491 831 2556 redditae
844 2496 1059 2575 subaequali,
1072 2500 1154 2581 apice

201 2591 335 2654 caudali
357 2594 622 2655 obtusiusculo
612 2614 727 2656 rncur
724 2617 767 2656 ’.ο

253 2751 289 2825 5.
316 2737 557 2807 Trichosoma
582 2735 759 2805 obtusum
783 2742 827 2805 R.

309 2867 391 2930 Ent.
415 2882 443 2930 1.
466 2887 498 2946 p.
523 2874 574 2945 87.
597 2885 631 2926 n.
644 2882 674 2926 2.
696 2867 727 2925 T
729 2866 987 2947 richocephalus
1013 2872 1156 2940 tenuissi-

200 2990 290 3036 mus,
354 2971 536 3031 Faoemcrr
573 2965 625 3029 irn
658 2968 916 3029 Naturforscher
953 2973 1001 3034 St.
1044 2993 1098 3059 29.
1130 2998 1157 3061 p.

202 3074 459 3149 21-23.Tab.
485 3087 512 3134 r.
535 3070 591 3151 fig.
615 3085 699 3131 10.-
714 3086 762 3134 ra.
801 3071 927 3132 Filaria
950 3075 1085 3160 strigis.

306 3175 463 3236 Entozoa
483 3171 521 3233 in
547 3174 672 3251 Strigis
692 3173 842 3235 Bubonis
861 3176 1038 3239 intestinis
1058 3177 1157 3244 coecis

199 3278 293 3340 Julio
318 3276 490 3358 Gryphiae
513 3296 532 3334 a
553 3296 611 3335 me
634 3288 764 3353 reperta
794 3289 827 3335 et
848 3275 885 3336 in
907 3278 1158 3364 Entozoologla

198 3382 275 3442 fuse
300 3380 465 3459 descripta
495 3397 574 3437 curn
598 3374 822 3455 descriptione
844 3377 989 3442 illorum
1014 3404 1035 3443 a
1059 3385 1159 3446 Fron·

198 3502 318 3545 rrcnro
352 3482 389 3543 in
420 3483 545 3559 Strigis
577 3482 768 3560 passerinus
795 3480 905 3542 coecis
936 3478 1158 3547 inventorum

117 3616 121 3625 ·
199 3604 336 3664 prorsus
360 3581 585 3645 conveniunt.
628 3583 708 3660 Ipse
731 3597 847 3642 tamen
869 3581 1066 3660 specimina
1085 3604 1159 3649 mas·

200 3687 276 3745 cula
297 3685 453 3746 femineis
478 3685 583 3765 duplo
605 3684 779 3757 breviora,
809 3682 869 3744 ille
900 3698 1021 3749 autem
1042 3688 1096 3751 his
1115 3687 1159 3751 ali·

183 3797 367 3867 ‚quantum
387 3787 555 3869 longiora,
580 3785 848 3848 observavimus.

303 3888 438 3955 Eadem
459 3889 497 3952 in
518 3885 686 3954 intestinis
711 3893 825 3954 crassis
847 3890 978 3975 strigis
997 3893 1157 3969 ausona
