2408 4478
537 274 609 296 ...
644 257 734 330 ,32-.
766 276 839 298 ...

210 433 268 508 15.
320 413 547 505 Cysticercus
573 414 731 507 Leporis
757 412 958 485 variabilis.

249 531 341 594 Hab.
368 524 416 599 jn
444 529 650 590 mesenterio
682 530 824 610 Leporis
851 516 1048 592 variabilis.
1082 527 1160 592 Mes.

298 631 416 697 Vienn·
1056 650 1062 665 ·

215 748 271 824 14.
321 743 516 830 Cystercus
541 735 735 831 Delphini.
762 729 793 831 Ἰ·

250 853 331 917 Ent.
355 866 386 913 2.
409 868 440 927 p.
466 848 536 922 236.
558 869 591 908 n.
618 864 666 909 10.
693 850 782 930 Cyst.
805 847 987 931 Delphini.

251 955 343 1018 Hah.
366 951 402 1012 in
424 949 593 1030 Delphini
613 950 802 1029 Delphicis
827 953 938 1034 adipe,
970 950 1163 1035 praesertim

297 1055 384 1114 circe
404 1049 572 1130 genitalia,
592 1053 697 1118 Bosc.

258 1239 342 1304 Obs.
362 1233 498 1316 Species
521 1238 732 1319 Cysticornm
760 1238 909 1320 piscinae
929 1236 970 1301 in
994 1241 1164 1307 Entozoc.

298 1334 412 1424 ligiae
443 1339 484 1404 Ρ.
513 1356 543 1404 2,
569 1363 602 1422 p.
631 1352 1067 1423 237-241011011-15·
1112 1347 1165 1409 zn-

298 1467 383 1508 mnu
405 1441 617 1528 potissimum
639 1439 852 1517 auctoritate,
876 1440 956 1507 licet
979 1434 1098 1523 dnbie,
1121 1448 1168 1509 ed-

300 1545 432 1622 missae‚
454 1546 491 1607 in
511 1544 576 1607 hoc
590 1564 692 1626 opere
710 1540 896 1606 Cestoideis
920 1559 955 1617 et
974 1547 1167 1629 praepertim

300 1650 560 1732 Triaenophoro
584 1647 731 1728 adjectae
754 1659 848 1721 sunt,
880 1647 941 1709 ubi
962 1649 1011 1715 de
1031 1640 1166 1735 singulis

303 1752 435 1836 singula
457 1752 684 1815 conferantur.

141 1888 144 1893 ·
216 1912 221 1919 .
257 1853 354 1921 Num
390 1869 503 1920 autem
538 1868 709 1917 entozoon
742 1849 837 1912 dubii
870 1850 1016 1934 generis,
1045 1854 1166 1933 (sss.)

301 1957 340 2020 in
365 1957 522 2025 Erinacei
550 1953 764 2037 hydatidibus
793 1951 968 2027 thoracicis
998 1970 1167 2040 repertum

303 2061 371 2124 huc
392 2055 560 2144 pertinet?

394 2281 551 2352 Gentes
587 2277 730 2349 XXIX.
753 2322 755 2327 ·
784 2277 1006 2351 Coenurus.

103 2512 109 2525 ,
223 2465 343 2531 Vesica
363 2468 521 2547 simplex,
549 2468 585 2527 in
615 2484 711 2548 quam
733 2463 888 2528 desinunt
906 2466 1052 2548 plurima
1074 2471 1170 2534 Enco-

264 2589 336 2646 zoa,
359 2589 509 2649 quornm:
1127 2574 1129 2579 ⁴

223 2668 346 2751 Corpus
365 2669 549 2751 elongatum
561 2668 856 2750 depressiuscnlum,
878 2691 1050 2759 rugosum
1072 2671 1171 2758 Caput

265 2773 429 2852 (Taeniae
450 2771 621 2848 armatae)
642 2771 775 2832 rostclio
795 2773 952 2836 uncinata
974 2790 1171 2862 quatuorque

264 2875 387 2939 osculis
405 2876 562 2936 tectoriis
584 2876 788 2938 instructum·

227 3032 258 3087 ι.
308 3020 497 3086 Coenurus
523 3012 717 3086 cerebrclis
742 3018 788 3084 lt.

264 3128 345 3190 Ent.
364 3144 395 3192 2.
417 3151 452 3210 p.
473 3143 544 3208 243.
567 3148 600 3190 n.
626 3144 653 3190 1.
677 3129 855 3190 Coenurus
879 3129 1070 3193 cerebralis.

265 3228 359 3295 Hab.
381 3228 430 3290 in
462 3231 582 3291 Ovium
608 3227 890 3310 vertiginosarum
916 3231 1071 3293 cerebro.
1118 3233 1175 3295 Ea·

310 3331 389 3395 dem
418 3351 555 3412 quoque
584 3329 712 3412 species
739 3329 777 3392 in
805 3331 920 3401 Boius
944 3345 979 3411 et
1005 3335 1174 3419 Antilopis

309 3431 522 3518 vertiginosis
547 3453 722 3499 occurrere
743 3431 891 3498 videtur.
