2452 4478
578 258 630 290 ⁹⁶·-
681 222 754 327 586,
804 235 867 295 *ἕ

211 456 218 469 ,
243 400 384 474 qu'arum
404 380 518 455 icones
531 392 730 457 Burnsnrr'ns
750 391 859 479 ¹misit3
884 395 1014 476 quibus
1030 394 1183 481 'exemplis

167 496 170 501 '
243 497 330 557 dicta
359 498 485 576 optime
519 495 711 575 probantur.
763 496 1014 580 Physaloptera
1049 499 1183 565 vesicam

243 599 368 663 caudae
392 601 570 660 masculam
590 600 676 665 Tab.
701 616 728 662 1.
740 599 813 682 Fig.
827 586 867 677 Ι3.
893 600 1064 666 delineari
1083 600 1184 663 curavi

242 702 338 763 etde
361 699 453 761 illius
477 717 510 765 et
532 701 742 784 Spiropterae
770 703 976 785 genitalibus
1004 727 1042 788 p.
1071 702 1143 783 256.
1159 716 1185 765 et

240 826 274 885 p.
296 817 369 879 243.
391 823 442 882 sq.
467 796 617 885 pluribus
647 803 718 889 egi,
752 824 839 891 quae
871 804 1057 871 brevitatis
1086 823 1185 868 caussa

218 928 333 970 nunc
356 908 486 971 omitto.
766 889 773 899 ι
964 973 967 979 .
1032 916 1039 931 “

346 1011 518 1090 Strongyli
546 1008 704 1089 Gz‘gontr's
730 1022 865 1079 uterum
900 1006 1112 1092 simplicem,
1140 1030 1186 1072 ne·

242 1111 367 1192 quein
390 1104 532 1171 modurn
553 1110 724 1183 Ascaridis
752 1110 990 1179 lumbricoidis
1016 1115 1185 1175 bicornem

240 1234 324 1293 esse,
348 1213 451 1275 Orro
474 1213 498 1281 1.
520 1232 549 1275 c.
571 1233 604 1293 p.
628 1227 699 1289 232.
722 1229 810 1276 recte
840 1213 1054 1290 observarit.
1098 1212 1186 1300 Quae

240 1318 280 1380 cl.
303 1314 491 1377 virentem
516 1315 559 1375 de
580 1316 760 1380 oviductus
791 1313 952 1396 simplicis
977 1316 1057 1380 'line
1078 1313 1188 1379 intesti·

238 1437 285 1478 no
309 1432 399 1478 recto
429 1416 579 1480 immisso
612 1417 728 1491 refert,
760 1417 900 1481 minime
922 1419 1045 1479 locum
1074 1418 1187 1483 babere

238 1519 323 1583 vidi.
358 1521 548 1581 Oviduotus
565 1518 689 1587 scilicet
708 1538 829 1591 coecus
844 1521 1047 1581 terminatur
1068 1533 1101 1582 et
1112 1540 1188 1601 apex

237 1620 300 1683 iste
324 1643 388 1702 ope
418 1622 554 1683 filorum
589 1620 780 1703 vulgarium
807 1618 965 1695 intestino
998 1635 1035 1685 et
1064 1622 1189 1685 tunicae

239 1722 390 1803 corporis
413 1714 564 1787 internae
593 1723 791 1786 adnectitur.'
826 1715 963 1802 Locus,
995 1745 1068 1805 qua
1090 1722 1189 1791 termi-

237 1840 354 1905 natur,
382 1820 526 1892 incertus
550 1834 623 1885 esse
644 1824 797 1898 videtur,
824 1844 903 1884 nam
929 1823 967 1885 in
992 1826 1188 1908 specimine,

224 1914 331 2008 ‘quod
359 1926 429 2007 ipse
452 1924 658 2000 examinavi,
682 1940 746 1993 tres
769 1925 907 2007 pollices
930 1928 971 1989 ab
1001 1932 1103 2017 apice
1125 1940 1190 1993 ver'·

237 2029 301 2092 mis
324 2026 453 2090 caudali
475 2027 626 2102 distabat,
661 2030 699 2089 cl.
729 2026 828 2088 Or'ro
863 2041 981 2091 autem
1016 2032 1063 2092 ad
1084 2031 1189 2095 lineae

237 2134 278 2193 ab
311 2149 374 2190 ano
411 2128 597 2190 distantiam
630 2127 801 2191 terminari
840 2128 964 2196 refert.'
1026 2130 1188 2195 Ovariurn

237 2232 330 2313 apice
350 2250 411 2291 suo
435 2232 594 2294 intestino
617 2244 707 2293 recto
737 2229 871 2298 immitti
892 2250 943 2298 res
966 2232 1075 2301 nimis
1100 2258 1188 2299 mon.

235 2349 340 2396 strosa
362 2332 464 2395 foret!

341 2431 557 2517 Strongylum
579 2455 668 2516 pene
691 2449 724 2496 et
750 2449 846 2496 utero
869 2436 1038 2517 simplici,
1061 2439 1183 2503 Ascari-

235 2542 315 2601 dem
337 2559 426 2619 pene
450 2540 575 2621 duplici
597 2551 630 2598 et
652 2553 748 2598 utero
761 2534 890 2596 bicorni
906 2540 1096 2605 instructos
1110 2566 1181 2606 com·

232 2644 398 2724 parando,
435 2642 546 2701 forsan
570 2661 587 2699 a
607 2659 694 2719 pene
717 2638 856 2716 simplici
880 2640 921 2699 ad
952 2655 1098 2708 uterum
1121 2649 1180 2706 sim·

232 2747 371 2828 plicem‚
395 2768 413 2805 a
435 2727 560 2824 duplici
582 2742 624 2800 ad
647 2738 824 2802 bicornem
847 2743 936 2820 apud
960 2744 1180 2810 Nematoidea

234 2848 391 2908 concludi
411 2864 525 2926 posse,
555 2841 757 2924 hypothesin
780 2842 892 2923 movi,
918 2867 1025 2927 quarn
1050 2850 1116 2911 cito
1139 2851 1179 2911 de·

232 2952 333 3012 letam
367 2950 450 3010 vidi.
507 2944 770 3027 Physalopcerae
801 2958 930 3007 retusae
961 2951 1011 3022 (iu
1052 2952 1178 3014 Lacerta

232 3049 403 3131 Teguixin
432 3046 625 3124 habitantis)
658 3066 745 3126 pene
779 3045 1031 3128 simplicissimo
1067 3051 1176 3117 utentis

231 3151 391 3212 feminam
411 3150 502 3211 enim
524 3147 719 3229 aperiendo,
737 3161 865 3229 praeter
891 3148 1104 3232 opinionem
1124 3170 1175 3217 ute·

231 3274 306 3312 rum
326 3251 499 3314 bicornem
523 3249 663 3313 offendi.

337 3354 368 3431 §0
389 3371 419 3416 2.
452 3348 757 3435 Echiuorlrynohum
780 3355 954 3435 (ligantem
979 3361 1173 3440 saepissime,

231 3457 290 3518 sed
312 3475 443 3536 semper
467 3454 654 3516 femineum
686 3445 814 3538 accepi,
845 3478 949 3538 quare
976 3482 1172 3542 organorum

230 3557 387 3634 ejusdem
418 3559 645 3617 masculorum
673 3558 852 3642 descriptio
883 3582 902 3620 a
934 3564 999 3624 cel.
1029 3565 1172 3625 Nrrzscn

227 3660 463 3740 (Allgemeine
482 3658 731 3741 Encyclopa'die
760 3683 830 3723 von
857 3663 969 3725 Ersch
1001 3668 1077 3727 und
1100 3668 1172 3728 Gru-

224 3762 295 3824 ber.
321 3779 348 3823 1.
370 3761 448 3820 Thl.
470 3759 587 3842 Leipz.
607 3772 699 3834 1818.
722 3776 753 3840 4.
774 3788 808 3846 p.
832 3769 917 3839 242.)
945 3767 1080 3846 publici
1099 3769 1169 3850 juris

224 3863 308 3924 facta
329 3862 479 3926 mihimet
498 3855 722 3947 acceptissima
751 3864 823 3928 fuit.
867 3867 972 3930 Duos
995 3871 1120 3954 reperit
1136 3884 1168 3928 te=
