2452 4478
570 266 748 346 ⁶558
801 294 853 311 -

231 431 400 512 sophagrts
418 421 531 488 tenuis
559 423 595 484 in
630 424 858 487 ventriculum
891 431 1110 512 crassiorem,
1138 441 1185 500 ob.

228 537 372 614 longum
394 528 486 597 abit3¹
498 523 629 605 reliqua
648 539 769 588 tractus
783 526 986 594 intestinalis
1008 554 1085 598 non
1096 550 1184 602 trans-

229 638 355 699 lucent.
404 631 481 692 Ovo
510 624 671 710 elliptica,
698 638 793 710 parte
824 630 940 692 media
969 637 1121 725 oblonga
1143 643 1184 707 ni.

227 732 416 822 grescent'e'.

302 845 305 849 '
334 828 397 901 An
411 822 861 916 'feminaPhysalopterae‘3

280 1011 341 1084 23.
366 983 527 1065 Perdiois
540 988 725 1074 -saxatilm

333 1134 646 1203 Bannssar'rsddos
668 1134 875 1200 vermiculos
898 1139 991 1206 misit
1011 1146 1051 1208 iri
1076 1148 1179 1211 Peras

226 1251 274 1310 cis
306 1242 470 1307 saxatilis
496 1240 678 1304 abdomine
709 1248 886 1321 repertos,
927 1245 1077 1310 alterurn
1105 1251 1177 1312 duat

228 1372 306 1413 cum
330 1345 476 1418 dimidia,
500 1345 643 1409 alterum
664 1360 729 1407 tres
750 1343 855 1407 lineas
876 1346 1036 1429 longum,
1058 1368 1176 1413 summa

225 1449 412 1517 latitudine.
429 1450 554 1509 lineam
578 1454 772 1527 aequantes,
796 1444 971 1512 candidos.
1045 1502 1058 1513 ..
1104 1528 1110 1543 ¹

336 1544 620 1639 Caput'Taeniae
649 1542 1028 1628 depr²essum‚''osculis
1060 1554 1176 1619 scilicet

225 1668 371 1740 quatuor
389 1640 657 1730 'orbicularibus,
691 1648 897 1732 marginatis,
930 1656 1175 1737 approximatis,

193 1762 197 1771 ’
222 1751 535 1837 utriusquelateris
555 1753 654 1814 binis.
677 1840 680 1845 Ι
701 1751 830 1836 Corpus
852 1756 1174 1836 depressum,'hinc

224 1841 538 1930 conveniusoulum,
557 1849 792 1930 lanceolarum,
813 1872 905 1937 parte
920 1859 1100 1927 anteriore
1112 1864 1173 1928 fere

226 1956 589 2034 articulamm'visrim,
618 1956 748 2041 portica
773 1970 888 2024 tameo
917 1977 1016 2044 parte
1040 1964 1176 2029 articulis

222 2065 366 2149 ¹omnino
390 2052 553 2124 destituta.
1080 2088 1083 2093 ·

329 2162 474 2228 Amicus
502 2153 702 2225 animalcula
721 2155 799 2226 ista
827 2179 945 2228 motus
974 2168 1090 2231 miros
1119 2167 1176 2234 cdi·

221 2265 312 2335 disse
341 2265 531 2338 adnotavit,
567 2287 654 2346 quae
679 2272 775 2329 n'ovo
809 2271 926 2350 generi
959 2272 1174 2339 adscriberet.

221 2375 334 2460 Quam
350 2367 553 2431 sententiam
577 2384 666 2433 certe
689 2385 801 2434 meam
822 2371 987 2451 fecissem,
1000 2376 1073 2438 nisi
1093 2392 1174 2460 post·
1214 2444 1216 2459 Ι

220 2476 363 2536 modurn
384 2469 421 2532 in
446 2470 625 2533 Coturnice
649 2474 783 2534 easdem
797 2473 973 2549 bestiolas,
991 2474 1172 2558 ipsissimas

217 2591 301 2638 vero
318 2565 475 2636 etiamin
497 2573 662 2635 Taeniam
684 2588 891 2636 transeuntes
913 2574 1098 2656 vidissem,
1117 2603 1173 2663 qua

217 2683 261 2743 de
283 2700 321 2742 re
350 2678 479 2740 Taenia
505 2674 677 2741 Linean.
708 2691 760 2756 51.
791 2676 993 2739 conferatur.
1052 2685 1172 2747 Confer

214 2784 315 2845 etiam
337 2777 431 2842 dubii
453 2777 587 2861 generis
609 2799 743 2846 vermes
762 2798 850 2869 'mox
874 2779 1125 2850 describendos
1143 2807 1172 2849 n

213 2898 267 2967 27.
291 2897 325 2948 et
347 2894 399 2972 2.ss-

266 3050 327 3135 27.
351 3040 529 3115 Lacertae
556 3036 699 3114 viridis.

317 3178 509 3270 Specimina
528 3199 589 3251 sex
604 3184 640 3248 in
658 3191 817 3250 Lacertae
837 3187 963 3251 viridis
985 3191 1169 3259 tuberculis

210 3283 336 3373 hepatis
358 3304 491 3372 reperta
517 3292 717 3351 Basrtsancs
748 3285 855 3366 misit,
888 3310 1032 3358 novum
1060 3300 1167 3363 forsan

211 3411 319 3477 genus
344 3392 535 3457 efficientia.

293 3492 442 3560 Vermes
456 3502 559 3557 unam
573 3516 649 3559 cum
663 3502 778 3578 qnarta
791 3491 901 3559 lineae
915 3484 1016 3579 parte
1032 3505 1075 3566 ad
1091 3504 1163 3567 duas

207 3593 313 3658 lineas
336 3593 451 3682 longi,
479 3597 607 3663 tertiam
632 3603 671 3662 ad
697 3586 870 3662 dimidiam
899 3602 1020 3669 lineae
1043 3624 1163 3688 partem

208 3696 276 3773 lati,
299 3699 453 3781 depressi,
469 3703 683 3766 transversim
707 3701 827 3787 plicari,
851 3709 966 3785 capite
991 3730 1075 3771 mox
1097 3711 1160 3773 sub

207 3801 373 3879 rotundo,
404 3804 527 3891 osculis
544 3800 712 3895 ''Taeniae
746 3809 880 3870 duobus
916 3814 1088 3892 oppressis
1120 3811 1158 3872 in

207 3914 348 3980 structo,
384 3922 469 3969 mox
490 3904 604 3970 oiddia
626 3907 761 3996 singula
782 3916 932 3994 sepaiota
960 3929 1000 3982 et
1020 3919 1091 3984 fere
1110 3932 1156 3998 pe·
1215 3952 1216 3973 κ
