2408 4478
546 282 828 369 ..274-

208 442 308 505 Pone
340 439 423 502 haec
453 456 549 504 anus.
599 438 711 502 cauda
742 434 893 529 feminae
922 444 1053 507 obtusa
1086 440 1171 529 apice

211 560 308 607 acuto
331 541 440 612 brevi,
464 558 666 624 antequem
690 562 784 605 anus.
817 546 860 605 In
883 546 997 609 altero
1023 550 1172 631 specimi-

211 647 382 713 necanda
406 646 609 722 deformata,
631 643 725 726 apice
750 657 956 710 transverso.

321 783 400 845 obs.
443 783 598 862 Speciem
633 778 740 861 capite
764 783 852 845 alato
887 784 1168 867 insequentibus,

206 908 351 969 corpore
394 883 525 946 sortiter
563 885 690 946 sulcato
725 882 894 949 humanae
933 888 1169 967 (lumbricoidi

205 1010 242 1055 n.
265 990 311 1068 1.)
334 988 483 1062 affinem,
503 984 629 1049 idcirco
652 980 864 1073 transfugam
885 985 973 1057 dixi.

261 1143 319 1218 16.
342 1143 485 1216 Ascaris
510 1145 721 1240 leptoptera
744 1136 788 1213 R.

312 1293 455 1356 Leonem
477 1287 711 1353 novendecim
740 1302 818 1354 ante
843 1309 985 1356 menses
1016 1293 1166 1359 Londini

208 1409 339 1469 natum,
361 1395 471 1475 pridie
494 1408 679 1468 mortuum,
701 1390 885 1464 Decembri
911 1407 996 1474 1817
1014 1398 1178 1462 Berolini·

208 1498 311 1573 secui,
334 1500 439 1575 inque
462 1496 659 1578 oesophago
681 1495 741 1558 sed
762 1492 960 1577 praesertim
982 1495 1028 1559 in
1051 1502 1165 1563 ventri.

209 1603 289 1663 culo
319 1598 480 1681 plurimas
509 1599 613 1680 (ultra
641 1600 792 1675 centum)
822 1586 939 1679 reperi
965 1586 1188 1684 Ascaridess

204 1716 369 1767 mortuas,

309 1817 465 1885 Alterius
484 1822 617 1894 Leonis,
630 1814 794 1881 Viennae
816 1803 951 1893 mortui,
973 1810 1109 1901 pariter
1120 1822 1164 1905 ju.

204 1922 323 2000 nioris,
347 1920 532 1988 Ascarides
555 1923 631 1986 satis
651 1923 776 1984 multas
806 1941 869 1985 am.
913 1920 1091 1989 Baeussa
1113 1927 1163 1989 ni.

205 2029 258 2107 sit,
280 2028 436 2108 ejusdem
457 2024 593 2100 indolis,
616 2025 675 2088 sed
698 2020 825 2105 passim
839 2022 1002 2104 majoreS,
1020 2026 1069 2091 'in
1089 2048 1162 2093 ven·

204 2131 324 2195 triculo
349 2142 382 2192 et
406 2127 574 2190 intestinis
596 2140 755 2209 repertas·
855 2123 858 2129 ’

309 2245 508 2327 Longitudo
532 2265 640 2307 unum
663 2245 704 2306 ad
734 2255 879 2324 'quatuor
899 2244 1053 2328 pollices
1074 2251 1159 2315 adae·
1187 2324 1191 2331 ¹

205 2364 294 2437 quat,
318 2352 450 2432 majora
474 2345 659 2431 specimina
681 2344 784 2408 simul
807 2348 1044 2414 crassiuscula.

312 2468 395 2532 Alae
416 2468 553 2546 capitis,
579 2485 660 2545 quas
685 2467 869 2528 secuudum
893 2470 1090 2550 specimina
1104 2476 1157 2541 tria

203 2592 224 2635 a
246 2566 310 2635 c'el.
354 2562 673 2644 Scnwnnomcnnis,
714 2572 879 2634 Botanico
904 2571 1156 2658 Lipsiensi,i11

203 2674 335 2736 Leaena
357 2682 487 2751 reperta
512 2684 544 2733 et
565 2692 704 2735 mecum
726 2674 988 2751 communicata,
1015 2670 1096 2745 Ent.
1112 2683 1154 2749 ΙΙ.

204 2792 235 2842 1.
257 2798 292 2858 p.
318 2783 388 2852 137.
409 2794 444 2839 n.
464 2793 495 2853 9.
517 2778 663 2839 lineares
687 2776 849 2850 dixeram,
877 2777 911 2838 in
936 2781 1099 2860 plurimis
1119 2800 1155 2847 ta·

201 2880 252 2943 les
275 2880 400 2971 reperi,
423 2881 459 2938 in
484 2879 667 2960 majoribus
682 2894 794 2943 tamen
816 2881 983 2943 latescunt
1009 2889 1095 2965 quin
1115 2906 1155 2950 sc·

200 2984 372 3044 miovatae
384 2978 480 3053 fiunt;
493 3002 561 3060 quo
580 2985 977 3045 commotusssnnussaos
993 2987 1155 3073 leptoph-

92 3112 103 3129 ν
201 3105 271 3144 ram
293 3104 368 3144 cum
394 3096 538 3164 mystace
559 3105 592 3145 n.
621 3104 673 3149 21.
701 3083 892 3166 conjunxit,
930 3084 1040 3168 hujus
1075 3110 1153 3155 veto

203 3184 310 3247 cauda
333 3186 427 3257 alata,
447 3183 539 3247 illius
560 3201 609 3250 est
623 3189 724 3262 nuda,
748 3208 858 3267 neque
870 3189 1032 3269 mystacis
1047 3192 1153 3274 junio·

200 3284 245 3347 ris
268 3287 334 3349 alas
359 3286 473 3368 capitis
495 3289 641 3354 lineares
665 3285 746 3363 vidi,
771 3290 849 3353 licet
876 3291 942 3353 tale
967 3296 1056 3373 quid
1078 3295 1152 3359 acci·

198 3387 278 3451 dere
302 3410 345 3451 ex
366 3391 483 3453 litteris
508 3394 568 3455 cel.
626 3393 783 3454 Menneu
805 3393 846 3454 ad
867 3413 923 3456 me
947 3395 1036 3459 datis
1059 3400 1152 3463 elfici-

198 3507 271 3565 am,
304 3490 363 3571 qui
391 3512 427 3556 se
456 3493 492 3555 in
521 3496 607 3557 Fele
628 3492 830 3558 Ascaridem
851 3495 1036 3563 invenisse
1057 3500 1151 3567 refert

196 3591 241 3652 ad
261 3593 484 3673 leptopteram
506 3598 746 3679 pertinentem.

303 3709 346 3768 In
378 3704 619 3791 speciminibus
642 3715 798 3778 masculis
821 3717 951 3799 spicula
979 3715 1058 3783 vidi
1076 3718 1149 3795 duo,

195 3819 272 3869 ante
294 3813 424 3891 apicem
437 3818 563 3882 caudae
587 3816 658 3901 sita,
677 3834 818 3900 arcuata,
841 3840 992 3905 quorum
1013 3826 1149 3891 alterum

193 3910 299 3976 altero
320 3913 456 4016 longius
478 3931 536 3983 est.
