2452 4478
574 231 750 311 ·-uo
803 254 855 277 ·-

239 385 408 469 intestinis
423 389 593 451 nonnulla
611 393 790 472 specimine
811 390 938 464 minore
959 390 1090 471 reperi,
1112 413 1180 473 quo·

240 516 317 579 rum
340 481 471 577 podria
492 513 572 553 mox
594 506 632 555 ut
660 494 696 553 in
718 488 1000 572 praecedentibus,
1017 493 1181 572 profundi-

241 620 310 673 ora,
332 610 412 657 mox
433 609 545 657 autem
567 615 686 676 parum
708 613 875 666 concava,
895 589 1106 671 reliquarum
1120 615 1182 678 spe·

242 701 368 764 clerum
389 695 531 759 botlniis
554 695 733 775 similiora,
767 683 919 776 margine
932 695 1106 759 undulato
1135 712 1182 760 aut

242 802 364 882 crispo,
386 800 490 860 fovea
510 797 622 859 media
650 800 798 879 oblonga
827 797 1019 861 utebantur.
1066 797 1182 861 Orn'nia

242 907 293 966 uti
314 887 497 984 specimina
518 917 617 979 supra
639 899 804 981 descripta
824 898 965 961 inermia
986 896 1137 963 fuerunt.

348 1012 428 1084 Am.
451 1020 650 1081 numnius
673 1016 859 1099 specimina
877 1028 945 1078 tem
966 1013 1006 1077 in
1028 1013 1181 1098 Torpedi·

242 1145 289 1189 ne
310 1136 414 1204 quam
435 1118 471 1182 in
494 1119 618 1199 Squalo
633 1120 741 1182 Galen
764 1123 848 1182 lecta
869 1116 968 1196 misit,
991 1136 1075 1182 cum
1096 1115 1180 1181 illisr
1221 1166 1224 1173 .

240 1228 355 1289 mein
376 1221 573 1303 Torpedine
594 1222 734 1302 repertis
756 1216 1013 1285 convenientia.

352 1341 430 1405 Obs.
453 1339 561 1418 Caput
586 1336 766 1418 juniorum
795 1339 869 1402 sive
897 1340 1074 1399 minorum
1094 1335 1181 1420 speci·

242 1443 376 1510 minum
408 1437 459 1503 illi
491 1438 850 1522 Bodrrloeephalorum
885 1436 1042 1503 affinium
1085 1440 1181 1502 analu

244 1567 346 1631 gum,
384 1560 521 1622 corpus,
553 1546 747 1625 praesertim
768 1558 881 1608 autem
907 1541 1038 1624 articuli
1059 1542 1182 1624 posteri-

245 1665 339 1720 ores,
371 1644 529 1705 omuibus
562 1648 712 1709 numeris
745 1663 824 1709 curn
858 1645 910 1708 his
940 1641 1182 1719 convenientia,

246 1766 317 1831 quo
338 1744 450 1808 minus
474 1742 624 1827 speciem
642 1749 739 1809 istam
767 1748 904 1814 Taeniis
926 1749 1110 1824 adderem,
1139 1767 1184 1809 ue

239 1850 321 1934 ·jure
341 1860 612 1910 commoverunt.
655 1848 784 1912 Forsan
806 1864 918 1916 autem
931 1870 1069 1913 novum
1090 1867 1184 1933 genus

244 1950 348 2018 variis
380 1949 526 2031 piscium
557 1949 852 2032 cartilagineorum
891 1951 1046 2016 entozois
1081 1950 1186 2035 articu-
1215 2028 1219 2039 .

245 2054 331 2118 latis·
348 2052 465 2132 effingi
499 2064 620 2131 posset.
643 2078 687 2101 ·-
741 2053 856 2135 Hujus
888 2071 1041 2119 ceterum
1075 2052 1187 2138 speciei

246 2153 430 2236 specimina
463 2155 653 2214 transmissa
669 2156 884 2236 ·'quandoque
911 2155 1120 2218 uncinorum
1146 2178 1187 2219 ca·

244 2256 321 2339 pitis
345 2253 472 2335 species
496 2269 611 2318 exorta
622 2267 682 2332 est,
695 2258 830 2338 qualem
849 2258 885 2320 in
898 2258 1098 2323 recentibus
1115 2279 1187 2321 nun·

248 2379 349 2439 quam
372 2354 455 2424 vidi.
755 2354 758 2361 ’

302 2548 358 2622 19.
383 2524 712 2628 nothriocephalus
738 2537 945 2611 tumidulus
970 2538 1017 2614 R·
1044 2565 1086 2616 m
1109 2562 1160 2637 sp.

351 2677 609 2744 AmBnnn'san
634 2684 858 2766 fragmentum
881 2686 970 2748 misit
991 2687 1148 2769 quinque
1161 2685 1190 2748 li·

246 2800 329 2847 neas
361 2785 520 2866 longum,
550 2785 589 2843 in
609 2783 774 2849 intestinis
801 2788 910 2871 Βαίας
929 2783 1137 2852 Pastinum
1153 2806 1193 2849 rs·

245 2901 387 2968 pertum-

355 3003 461 3086 Caput
495 3002 727 3068 absconditum
767 3008 912 3072 bobhriis
941 3005 1109 3090 utrinque
1143 3008 1192 3069 du-

249 3111 333 3170 obus
356 3107 512 3170 rivalibus
536 3108 759 3183 tumentibus,
783 3124 931 3190 quorum
952 3108 1092 3194 singula
1111 3109 1194 3173 linea

249 3211 381 3273 elevata
403 3207 639 3290 longitudinali
659 3208 770 3273 media
800 3212 1016 3287 dividuntur,
1049 3227 1193 3278 ceterum

249 3312 333 3374 striis
356 3310 552 3373 transversis
574 3326 641 3374 tota
663 3326 830 3395 teguntur.
878 3311 1005 3377 Collum
1033 3316 1097 3391 (an
1120 3313 1192 3397 capi·

248 3413 288 3474 tis
312 3416 422 3494 parsi)
453 3415 567 3488 breve,
595 3434 713 3478 versus
737 3434 857 3498 corpus
881 3417 1095 3480 decrescens.
1139 3417 1192 3481 Ar-

247 3515 340 3575 ticuli
362 3515 490 3595 priores
512 3517 750 3598 angustissimi,
779 3518 942 3601 elongati;
974 3521 1190 3602 insequentes

249 3633 364 3695 parum
388 3617 530 3694 latiores,
547 3619 731 3696 breviores,
753 3618 969 3700 subquadrati
993 3625 1130 3707 angulis
1147 3627 1190 3686 ol

250 3718 347 3793 tusis3
369 3719 490 3801 reliqui
514 3732 555 3782 eir
577 3722 733 3785 affinibus
753 3720 929 3784 divinandi
954 3723 1189 3790 desiderantur.

353 3839 594 3923 Fragmentum
621 3855 749 3912 tantun
777 3840 852 3914 vidi
884 3842 1070 3930 exiguum
1104 3855 1187 3932 caput
