2452 4478
368 204 451 306 ’-
503 248 575 343 657
628 282 679 302 -

60 443 173 506 quum
197 422 337 505 aequale
361 437 471 501 usque
500 417 541 479 ad
565 413 693 497 apicem
714 417 837 479 caudae
862 418 1018 502 longum,
1075 438 1077 442 ⁴

62 524 173 608 capite
213 525 373 603 colloque
413 519 623 600 tenuiorem,
667 521 883 649 depressum,
926 522 1019 605 styli·

58 627 221 693 formem.

176 727 257 792 obs
294 727 424 807 Corpus
449 729 556 790 breve
579 740 612 788 et
637 686 775 804 aequale
801 746 827 786 a
840 725 1018 797 Trichoso

15 904 18 911 Ι
60 845 155 895 mate
179 829 346 903 alienum,
364 828 463 891 nimis
485 845 587 892 tenue
611 842 721 888 tamen
744 839 811 902 est,
840 827 923 909 quin
945 849 1018 894 ver·

61 954 156 999 mem
176 953 237 1014 pro
261 931 474 1017 Spiropterae
495 929 621 993 femina
642 931 773 993 habeas.

118 1107 152 1183 7.
178 1072 487 1183 Triolaocephalus
514 1108 703 1186 contortus
730 1095 891 1183 ll.n.sp.
917 1077 1030 1161 Pone'

217 1211 366 1301 Synops.
389 1234 423 1276 n.
451 1223 486 1295 3.

108 1342 153 1405 Τ.
183 1341 283 1402 Parte
309 1337 453 1419 capillati
476 1337 632 1421 longiore
657 1357 796 1418 corpore
822 1337 920 1399 maris
944 1342 1018 1401 sub·

154 1443 276 1524 spirali,
300 1439 449 1502 feminae
471 1454 637 1518 contorto,
660 1440 781 1522 vagina
800 1441 931 1525 penis
921 1443 1020 1506 brevi
1116 1469 1118 1472 ’

77 1554 79 1558 ’
151 1557 311 1607 truncata.

195 1648 296 1707 Duos
336 1649 447 1708 Mures
482 1667 634 1729 capenses
661 1643 901 1726 (Georhychos
932 1649 1020 1715 Im

61 1750 167 1828 enm)
190 1748 308 1830 spiritu
331 1747 402 1808 vini
427 1765 594 1825 senatos,
640 1756 674 1807 at
698 1767 813 1808 recens
838 1771 880 1812 ex
903 1752 1019 1833 Capite

58 1856 177 1916 bonae
202 1852 313 1937 speia
336 1850 616 1912 desideratissimo
648 1842 805 1928 Baium,
849 1853 903 1915 cui
934 1871 1019 1918 terra
1106 1834 1108 1840 Α

61 1954 109 2023 sit
129 1951 233 2032 levis,
267 1955 471 2014 transmissos
494 1952 656 2029 secando,
691 1953 726 2013 in
756 1949 891 2015 alterius
916 1976 1019 2019 coeco

61 2069 212 2139 quatuor
235 2034 343 2134 hujus'
359 2053 614 2135 Trichocephali
637 2054 877 2116 distinctissimi
907 2061 1036 2138 reperi·

62 2157 264 2242 specimina,
289 2179 433 2238 quorum
458 2155 596 2218 unicum
620 2159 821 2237 masculum,
844 2158 911 2220 hoc
933 2174 1021 2224 octo·

62 2262 188 2336 decim,
210 2259 357 2322 feminea
374 2257 579 2340 vigintiduas
602 2259 705 2321 lineas
729 2265 845 2344 longa.

175 2362 306 2443 Corpus
338 2359 436 2443 maris
471 2358 530 2420 vix
566 2358 688 2439 spirale
729 2362 927 2440 dicendum,
961 2366 1022 2430 sed

63 2460 178 2528 obiter
201 2463 436 2535 convolutum,
460 2461 572 2524 carnei
596 2464 1023 2536 coloris;fe1ninarumva·

28 2558 118 2653 259
142 2556 346 2636 contorium,
375 2583 506 2642 neque,
541 2578 578 2626 ut
610 2564 648 2626 in
676 2563 813 2645 reliquis
837 2564 1022 2639 inermibus

64 2688 147 2733 esse
167 2668 263 2742 solet,
285 2667 534 2742 meliusculum,
556 2665 647 2729 vel
636 2687 835 2742 incurvum3
859 2673 1024 2741 oviductu

64 2770 166 2854 nigro
191 2769 416 2830 translucente
437 2765 659 2849 variegatum.
683 2770 766 2831 Pars
789 2771 953 2852 capillatis
977 2802 1023 2873 ῖς

67 2873 164 2938 tione
185 2868 333 2951 corporis
356 2869 467 2930 habita
486 2871 657 2945 brevis3
647 2894 684 2935 1n
713 2894 807 2935 mare
835 2877 876 2935 ad
901 2899 1022 2962 corpus

66 2974 121 3038 uti
146 2973 264 3036 decern
288 2971 329 3032 ad
353 2987 446 3047 octo,
478 2969 515 3033 in
543 2974 669 3036 femina
696 2975 747 3036 uti
777 2976 958 3042 duodecim
980 2984 1023 3046 ad

68 3078 188 3141 decem
213 3073 380 3136 sehabet.

179 3180 264 3242 Pars
284 3177 456 3259 capillatis
477 3175 584 3238 antico
605 3176 816 3256 tenuissima,
839 3184 1025 3263 posteriore

61 3260 164 3370 'parte
188 3282 321 3354 sensim,
345 3293 377 3340 at
400 3299 518 3360 parum
541 3293 650 3353 aucta,
673 3280 743 3343 fere
766 3284 876 3347 subito
899 3285 935 3348 in
957 3313 1025 3354 cor·
1069 3320 1071 3324 ¹

67 3408 134 3476 pus
148 3383 329 3446 'multoties
348 3379 487 3441 crassius
513 3381 596 3454 abit3
619 3381 647 3442 si
668 3382 873 3449 hoofortiter
894 3405 1025 3456 contor-
1052 3421 1056 3432 ,

68 3505 144 3555 tum
168 3504 227 3563 est,
250 3489 386 3548 interno
410 3482 560 3544 flexurae
582 3484 683 3545 latere
694 3487 795 3566 plicas
809 3489 915 3569 offert,
935 3514 1026 3574 quae

71 3591 183 3656 obiter
205 3591 373 3669 inspectae
401 3605 464 3665 pro
496 3583 642 3645 verrucis
671 3588 849 3668 imponere
876 3613 1026 3680 possent,
1115 3646 1117 3650 -

69 3694 133 3758 sed
158 3692 243 3754 nihil
267 3689 445 3752 constantis
469 3688 603 3752 habent.
655 3686 776 3770 Corpus
804 3702 906 3758 maris
933 3700 1027 3780 apice

69 3795 203 3881 postico
228 3793 456 3855 obtusissimo
464 3789 669 3863 terminatur,
692 3805 894 3876 antequem
916 3800 1026 3865 lateris

70 3896 296 3970 abdominalis
319 3895 444 3980 vagina
466 3894 592 3960 eminet
613 3890 756 3978 penis,
770 3898 927 4009 eubulum
952 3903 1030 3968 bre.
