2408 4478
544 250 829 342 ..362-

261 444 319 516 19.
344 422 600 519 Amphistomn
628 418 793 497 Falconis
819 425 1038 525 peregrini.

312 575 356 637 In
380 575 541 653 Catalogo
567 572 801 633 Entozoorutn
823 574 945 639 Musei
967 575 1168 643 Viennensis

205 673 442 759 Amphistoma
475 675 625 738 Falconis
658 680 824 761 peregrini
855 678 900 738 ad
928 676 1168 760 Amphistonn

204 779 498 860 marrocephalum
521 799 555 839 n.
577 791 605 855 3.
620 794 820 851 revocatur3
849 780 952 860 quod
975 779 1054 863 ipse
1070 797 1166 847 tamen

207 884 242 947 in
267 885 358 944 illius
382 882 548 943 intestinis
571 882 729 944 tenuibus
752 882 951 969 Novembri
975 902 1102 963 mense
1118 884 1168 948 Be·

208 987 312 1051 rolini
336 985 476 1067 copiose
502 985 623 1066 reperi,
647 985 839 1047 distinctum
863 985 991 1049 visum
1015 1001 1079 1075 est.
1198 966 1201 983 Ι

315 1088 507 1170 Specitnina
546 1110 621 1151 mea
654 1090 783 1152 lineam
811 1090 889 1170 plus
921 1088 1048 1153 minus
1069 1090 1167 1172 longa,

209 1192 328 1257 albida.
352 1206 481 1273 partem
505 1190 646 1289 anticam
661 1191 751 1251 haud
774 1194 886 1253 subito
911 1176 1103 1256 discretam
1116 1192 1168 1273 (ni

208 1293 469 1373 macrocephnlo
496 1292 674 1372 corripetit)
697 1294 756 1355 sed
775 1292 845 1356 levi
866 1292 949 1355 sinu
975 1296 1108 1359 sensim
1126 1316 1167 1359 ex·

209 1398 284 1459 orto
308 1395 417 1456 obiter
440 1395 628 1455 distinctam
660 1408 693 1457 et
721 1397 856 1457 ovalem
881 1395 1062 1474 offerunt,
1097 1399 1167 1462 ostio

209 1498 353 1576 exignm
371 1514 464 1576 parte
487 1499 618 1558 cannati
638 1500 805 1582 depressa,
823 1497 987 1580 margine
998 1500 1169 1585 inaequali,

206 1622 294 1684 poro
318 1598 445 1678 majore
466 1602 620 1662 obscuro.

418 1857 555 1926 Genus
592 1858 678 1927 XV.
710 1858 961 1933 Distoma.

316 2046 433 2107 Genus
469 2043 535 2105 hoc
571 2048 688 2107 omnia
731 2045 861 2127 reliqua
902 2071 937 2112 v.
974 2040 1009 2111 ci
1036 2048 1181 2111 Echino·

208 2148 410 2231 rhynchum,
436 2144 643 2220 Ascaridem,
681 2148 760 2230 quin
786 2150 891 2231 ipsam
912 2150 1095 2215 Taeniam
1114 2170 1171 2234 spe·

129 2298 136 2307 .
209 2250 337 2312 cierum
362 2274 508 2314 numero
523 2264 665 2331 superat,
688 2251 805 2311 harum
825 2270 940 2316 autem
968 2256 1169 2320 characteres

207 2354 415 2434 plerumque
438 2353 568 2428 faciles,
597 2372 767 2434 saepeque
792 2354 938 2434 optimos
968 2357 1120 2434 indicat,
1143 2372 1171 2419 ut

207 2475 370 2517 numerus
393 2458 450 2516 ille
477 2475 615 2537 magnus
640 2458 774 2516 nulium
796 2455 918 2519 excitet
943 2461 1119 2527 taedium.

316 2559 428 2618 Pauca
450 2558 560 2618 forsan
585 2554 709 2639 genere
732 2559 875 2639 separari
898 2578 1068 2639 possent,
1099 2586 1133 2629 v.
1151 2584 1171 2625 c

209 2658 399 2721 Distomata
430 2674 639 2733 excavatum,
675 2681 709 2720 n.
733 2674 783 2729 82.
807 2660 1047 2743 spathaceum,
1071 2688 1107 2727 n.
1128 2671 1170 2743 83.

209 2764 423 2843 spatulatum,
444 2785 477 2824 n.
501 2771 552 2837 84.
575 2765 709 2836 alatum,
733 2783 765 2823 n.
782 2763 833 2839 96.
858 2785 875 2822 a
909 2763 1118 2830 Ntrzscmo
1138 2768 1171 2830 ad

210 2867 441 2928 Holostomata
462 2864 652 2938 referenda,
678 2865 738 2927 sed
765 2866 806 2924 D.
822 2863 976 2926 excisum
1004 2891 1042 2933 n.
1067 2887 1119 2950 95.
1135 2871 1171 2933 in

208 2969 364 3031 terlhaec
386 2981 421 3029 et
442 2966 569 3044 reliqua
590 2966 658 3046 jam
686 2965 861 3027 transitum
897 2966 1028 3044 efficit,
1068 2971 1170 3035 variis

210 3091 276 3150 que
298 3073 428 3132 collum
450 3073 583 3151 passim,
598 3083 654 3132 aut
673 3083 768 3131 motu
787 3066 919 3149 vulgari
934 3071 1090 3151 planum
1111 3072 1170 3138 red-

209 3171 310 3234 ditur.

218 3286 221 3291 '
298 3271 487 3346 'Echinata,
509 3278 630 3357 quibus
655 3287 753 3356 caput
766 3270 955 3335 reniforme
973 3289 1038 3338 aut
1062 3278 1171 3339 saltent

209 3375 385 3440 discretum
400 3393 461 3455 est,
483 3379 611 3460 aegrius
634 3394 757 3451 tamen,
776 3375 908 3455 sejungi
931 3396 1096 3456 possent,
1112 3381 1172 3442 reli·

207 3498 274 3556 qua
293 3480 387 3542 enim
402 3480 453 3541 his
467 3484 650 3554 accedunt3
672 3501 785 3561 neque
799 3478 945 3541 inermia
969 3484 1016 3542 ab
1043 3479 1170 3544 armatis

208 3582 392 3657 generatim
415 3583 532 3657 sumtis
556 3585 659 3646 avelli
680 3594 830 3666 possunt,
855 3601 936 3641 curn
952 3584 1043 3647 colli
1068 3604 1174 3666 corpo

208 3678 321 3757 risque
343 3683 449 3745 aculei
472 3703 572 3767 saepe
595 3686 693 3767 parvi
717 3699 751 3749 et
771 3685 914 3767 cognitu
937 3685 1107 3750 difficiles
1131 3706 1174 3748 oo

207 3794 352 3843 currant.

307 3882 754 3979 Subdivisionesinterdum
767 3888 887 3955 fallere
901 3850 1075 3980 possunt,
1094 3890 1178 3978 quod
