2408 4478
405 281 686 357 -525-

57 438 193 511 obtuso,
218 428 385 498 tantillum
414 433 615 510 inermem,
640 432 777 518 exigua,
809 448 959 517 quartam
985 435 1021 496 li·
1098 425 1100 429 ἲ

56 558 146 602 neae
169 552 299 618 partem
322 537 412 598 haud
435 542 612 612 excedens,
637 552 764 600 sextam
787 527 915 602 circiter
936 539 1011 614 lata,

50 641 262 708 'uncinorum
292 639 569 701 tenuissimorum
599 639 748 701 seriebus
780 639 863 700 eirca
886 642 1013 704 duode·

59 740 124 802 cim
158 741 298 808 munita·
360 742 480 805 Collum
507 741 652 802 nullum.
712 739 874 820 Corporis
907 743 1018 807 teretis

59 858 125 905 tres
149 860 283 923 quartae
313 856 421 925 partes
451 843 715 918 monililormes‚
753 842 828 910 sive
859 845 1016 908 striaturis

56 945 95 1007 ln
120 945 295 1026 particulas
318 945 444 1009 lineam
473 948 592 1028 longas
617 945 800 1026 medioque
830 948 933 1011 valde
963 928 1016 1010 eii·
1079 947 1088 960 ‘

59 1060 183 1109 stanles
208 1048 336 1122 divisae
360 1031 454 1121 sunt;
476 1067 551 1130 pars
575 1047 720 1108 caudalis
747 1061 834 1116 teres
848 1063 882 1112 et
898 1052 1016 1129 aequa'-

59 1148 120 1222 lis,
159 1149 253 1229 apice
284 1165 393 1212 tamen
422 1148 567 1212 incurvo
592 1163 748 1230 excep10‚
784 1150 843 1230 qui
866 1133 1042 1218 duarum*

58 1250 286 1312 stricturarum
308 1272 375 1337 ope
391 1229 523 1319 diiisus
544 1251 741 1332 particulam
764 1250 957 1334 longiorem
981 1265 1015 1317 et

55 1351 252 1416 breviorem
274 1355 488 1417 terminalem
510 1355 618 1416 habet.

170 1455 252 1520 Oba·
271 1456 374 1524 Bellis
399 1470 433 1520 et
454 1455 635 1538 singularis
649 1452 777 1537 species
798 1455 927 1516 etlam
917 1479 954 1520 an
967 1455 1015 1526 in-

58 1551 187 1618 testinis
216 1557 340 1621 Criceti
363 1557 516 1620 occurrit.
561 1558 632 1620 Cat.
663 1557 744 1619 Ent
771 1555 821 1622 V
843 1558 887 1620 In
910 1580 1015 1649 opere

55 1657 246 1727 novissimo
265 1673 376 1722 autem
398 1646 533 1737 (Ueber
554 1658 700 1719 lebende
723 1657 918 1727 Wiirmer'
908 1682 958 1722 1m
969 1665 1014 1730 le

55 1761 197 1824 benden
223 1762 465 1825 MenschenS.
491 1759 545 1838 18)
562 1758 761 1820 Bassisanus
784 1759 902 1824 refert.
924 1761 1013 1827 inter

58 1879 141 1941 1995
163 1864 347 1945 specimina
370 1864 479 1926 Muris
500 1861 628 1924 arvalis
657 1858 780 1942 septies
803 1861 895 1925 hunc
918 1863 1015 1931 Echi·

56 1965 300 2047 norhynshum
312 1979 482 2065 repertum
505 1983 594 2036 esse3
616 1976 789 2044 praeterea
811 1963 922 2025 bisin
935 1968 1013 2063 Mu·

54 2071 144 2134 scala
167 2069 306 2130 Putorio
327 2081 359 2129 et
380 2065 519 2131 semel
509 2087 545 2128 m
567 2065 712 2128 Falcone
734 2067 900 2130 cineram
920 2058 1011 2148 para·

57 2170 154 2232 silice
186 2168 383 2251 occurrisse,
410 2168 522 2239 Muris
550 2167 641 2236 illius
665 2167 790 2236 scilicet
810 2168 952 2240 residuis
975 2168 1016 2238 si·

54 2275 132 2339 mul
153 2272 285 2335 relictis
1048 2260 1052 2267 ’

110 2439 170 2518 54.
198 2430 538 2520 Echinorhynchsts
577 2426 781 2525 porrigens.
810 2432 858 2502 R.
889 2453 928 2520 μ.
961 2451 1033 2535 sp..
1093 2459 1096 2465 ¹

207 2549 298 2620 Tab.
330 2567 360 2618 s.
386 2552 464 2646 Fig.
488 2544 618 2631 4-6.

75 2727 78 2734 ,
163 2683 208 2742 In
231 2678 505 2761 Entozoologiae
532 2680 576 2744 T.
604 2678 655 2740 11.
684 2675 727 2738 P.
755 2689 783 2739 1.
811 2696 846 2758 p.
875 2687 950 2752 304.
981 2696 1018 2742 n.

54 2797 112 2862 40.
132 2780 438 2864 Echinorhynchos
468 2782 508 2841 ab
538 2779 710 2841 Humano
740 2789 894 2858 repertos
931 2798 1016 2856 esse,

57 2909 147 2975 quos
170 2887 234 2950 cel.
257 2883 310 2947 vir
332 2899 410 2949 cum
437 2879 505 2944 illis
535 2877 660 2944 Anatis
689 2877 908 2941 mollissimae
932 2901 1019 2943 com·

54 2990 204 3075 paravit,
236 2984 348 3051 retuli.
394 2987 488 3048 Dum
520 2996 632 3046 autem
652 2983 815 3043 Museum
840 2979 1019 3042 Anatomi·

56 3114 139 3160 eum
161 3088 387 3160 Berolinense
409 3106 500 3149 anno
526 3096 608 3158 1810
631 3105 731 3148 curae
753 3102 851 3147 meae
872 3082 1019 3146 tradeba-

54 3208 130 3270 tur,
164 3193 245 3256 duas
272 3189 399 3272 phialas
430 3187 542 3270 reperi
569 3187 876 3270 Echinorhynchos
912 3185 1014 3247 conti-

53 3307 190 3360 nentes.
215 3296 256 3357 de
279 3293 399 3374 quibus
421 3289 560 3353 illustris
584 3289 666 3352 olim
681 3284 918 3361 Anatomlc'us,
934 3287 1015 3349 loss.

55 3403 217 3465 Tazora.
238 3397 404 3460 Waaaan
426 3392 605 3466 (Museum
618 3391 877 3456 Anasomicum.
915 3384 1023 3469 Bel-'o-

54 3500 123 3569 lini
154 3515 246 3580 1805.
266 3511 297 3571 4
327 3521 360 3581 p.
388 3494 457 3558 161.
479 3515 513 3557 n.
551 3503 632 3564 1080
656 3509 690 3558 et
715 3496 822 3571 1081.)
846 3489 1022 3572 sequentia·

55 3605 202 3688 profert:
247 3601 387 3678 „Portio
416 3593 569 3660 intestini
592 3595 702 3679 jejuni
724 3614 777 3659 ex*
798 3595 950 3659 Balasna
966 3615 1020 3683 'ro-

55 3718 170 3773 strata
190 3706 357 3772 Famem
381 3700 484 3779 dicta,
507 3696 602 3778 cujus
631 3702 850 3762 membranae
873 3699 1020 3759 villosae

58 3827 202 3873 vermes
238 3804 483 3871 lumbricorum
512 3799 758 3868 intestinalium
780 3803 923 3889 figuram
950 3799 1023 3863 imi·

59 3926 173 3977 tames
196 3909 302 3975 adfixi
320 3908 547 3975 cemuntur.“·
