2452 4478
404 281 457 319 ,ιι-
508 245 584 341 669
626 279 688 352 ¹-

60 419 200 502 phaena
221 412 418 499 Hippuride
440 435 519 478 cum
539 415 627 483 Ech.
649 412 769 484 Pristis
791 430 958 495 occurrat,
978 414 1027 481 in·

60 523 187 597 frum.
220 532 274 598 580
313 520 492 599 dicendus,
525 519 619 581 hunc
650 519 766 582 forsan
801 521 1028 585 deformatum

61 622 346 706 Echinorhynchi
368 626 518 687 terebrae
541 621 695 685 habitum
715 622 860 687 induere
884 629 1027 705 suspica·

62 739 228 804 russum,
250 740 284 791 et
305 723 545 806 proboscidem
557 725 746 790 convenire
758 725 876 808 negari
896 727 1026 807 nequit,

61 831 239 893 Terebrae
255 844 364 890 tamen
388 845 510 915 corpus
529 827 654 892 aculeis
674 841 771 901 caret,
789 848 874 908 quos
896 829 1026 909 epider·
1091 893 1094 897 ,

60 931 168 997 midis
183 931 312 1013 jactura
335 929 438 991 simul
461 931 617 1012 delapsos
642 950 727 1011 esse,
746 932 963 998 statuendum
979 934 1027 995 so·

62 1049 133 1111 ret,
163 1035 224 1098 sed
252 1032 312 1094 itta
336 1032 435 1095 etiam
457 1048 491 1097 et
513 1048 626 1097 tamen
656 1037 793 1117 inermis
826 1033 900 1096 aliis
923 1037 1024 1099 adest.

60 1138 151 1204 Ean
169 1136 307 1200 Pristim
321 1137 456 1217 'pluries
478 1137 604 1220 reperi,
630 1157 769 1217 semper
794 1151 908 1201 tamen
930 1153 1025 1220 parte

63 1244 255 1326 posteriore
278 1239 380 1314 laevi,
402 1261 517 1318 neque
539 1239 752 1321 pinnatiiida3
797 1260 930 1322 semper
950 1263 1026 1322 por·

61 1365 104 1407 ro
120 1346 277 1406 .iiberum
299 1353 333 1403 et
354 1344 389 1401 in
411 1341 595 1417 intestinis,
631 1362 750 1422 neque
780 1358 957 1424 tantopere
980 1343 1026 1405 af·

59 1447 177 1519 fixum
212 1435 308 1506 etin
340 1443 533 1525 ventriculo
569 1444 708 1514 offendi.
764 1445 914 1510 Seorsim
942 1467 1022 1532 ergo

63 1567 269 1613 enumerare
292 1560 425 1607 coactus
450 1565 538 1615 sunu

117 1698 177 1792 56.
216 1709 571 1812 Echinorhynchus
595 1707 806 1781 mutabilis
825 1711 870 1780 R·
903 1731 940 1776 n·
972 1727 1026 1802 sps
1111 1686 1114 1697 ¹

216 1829 318 1900 Pone
345 1830 500 1922 Synops.
526 1853 564 1900 n.
592 1837 651 1914 45.

40 1976 46 1981 ·
151 1954 261 2018 Eeb.
278 1957 491 2025 Proboscide
512 1958 555 2020 ad
581 1962 677 2020 basin
706 1967 817 2031 aucta,
847 1958 941 2042 collo
974 1978 1028 2022 co·

59 2052 145 2118 nico
167 2053 301 2136 inermi,
324 2059 474 2141 corporis
497 2074 589 2142 parte
613 2063 780 2127 anteriore
797 2050 958 2132 aculeata,
968 2081 1027 2143 po·

60 2155 206 2222 steriore
227 2163 364 2228 sulcata.

146 2260 158 2327 i
171 2253 260 2328 Has.
275 2264 411 2328 Ocrnrts
434 2270 615 2348 specimina
627 2264 664 2328 in
675 2265 845 2329 intestinis
864 2267 1027 2332 tenuibus

61 2362 194 2426 &deae
214 2385 249 2426 n.
275 2383 303 2430 Ι,
324 2369 520 2444 Februario,
542 2367 660 2450 Aprili
683 2383 717 2431 et
738 2370 853 2451 Maj0‚
876 2385 908 2433 et
931 2371 968 2434 in
989 2372 1026 2436 ita

60 2462 108 2526 lis
132 2467 258 2528 Ardeae
286 2491 320 2530 n.
345 2487 375 2534 2.
406 2473 530 2533 Martio
556 2493 573 2531 a
602 2490 636 2532 se
669 2485 801 2552 reperta
829 2477 1028 2549 transmisit3

61 2565 133 2628 alia
155 2588 241 2631 vero
263 2571 299 2631 in
321 2571 488 2636 intestinis
511 2575 637 2635 Ardeae
665 2575 841 2653 Egrettae,
869 2577 1028 2658 Nyctico·

61 2672 156 2733 racis
183 2685 217 2735 et
245 2677 456 2752 virescentis,
484 2677 657 2738 Plataieae
683 2676 802 2761 Ajajae
831 2688 864 2739 et
892 2680 1029 2741 eternae

62 2775 214 2837 minutae
236 2777 488 2842 anamma
510 2777 548 2841 in
568 2779 710 2841 Brasiiia
740 2791 871 2860 reperte
899 2779 1027 2844 Museo

62 2871 264 2938 Viennensi
286 2880 406 2944 debeo.

109 3005 110 3008 ¹
172 2979 363 3060 specimina
384 3005 488 3046 unam
512 3005 592 3047 cum
615 2982 792 3046 dimidiam
809 2984 853 3045 ad
873 2981 1028 3066 quinque

62 3083 175 3145 lineas
196 3083 309 3164 ionga,
327 3085 531 3165 proboscide
554 3100 694 3168 excepta
713 3086 798 3150 Ech.
822 3086 1029 3150 striatumex

64 3203 143 3248 asse
164 3184 363 3277 referentia',
403 3188 497 3268 cujus
525 3210 623 3274 vero
642 3190 701 3250 illa
728 3207 803 3270 pars
827 3203 1028 3270 antrorsum,
1103 3266 1109 3274 .

65 3286 146 3350 sive
168 3287 301 3369 apicem
321 3310 440 3354 versus
464 3307 570 3372 sucta,
592 3293 686 3354 basin
701 3310 820 3355 versus
843 3290 981 3353 tenuior
995 3305 1030 3357 et

63 3390 219 3471 aequalis
238 3405 305 3457 est·

155 3492 242 3560 Ech.
266 3495 436 3558 mutabilis
460 3499 631 3580 proboscis
651 3495 726 3559 basi
742 3491 903 3578 crassiore
922 3493 1029 3560 tutitur

65 3609 103 3663 et
130 3596 213 3659 dein
235 3595 324 3675 (fere
346 3597 475 3677 subito)
497 3600 686 3664 antrorsu'm
708 3609 909 3665 attenuatur.
954 3599 1031 3663 Col-

48 3702 136 3764 *lnm
156 3699 316 3759 conicum
337 3698 479 3766 inerme.
526 3699 684 3783 Corporis
703 3719 779 3782 pars
801 3702 1032 3764 anterior-om·

67 3799 174 3865 nibus
204 3798 241 3861 in
258 3800 510 3882 'speciminibus
541 3803 656 3880 (etiam
687 3802 724 3868 in
754 3801 815 3869 ‘uto
844 3804 1037 3894 etatateae)

10 3914 15 3935 '
67 3903 234 3985 aculeata,
255 3901 390 3987 reliqua
410 3904 547 3974 tenuior
564 3907 669 3971 nuda.
836 3913 839 3918 ’
