2452 4478
558 306 610 327 ·
663 271 845 361 ⁵46-

220 443 348 523 guilan-is
369 452 437 517 est,
465 435 618 518 reliquae
640 442 792 503 minores
811 459 899 505 reru
922 459 1045 520 parum
1066 439 1177 523 promi-

222 558 318 620 nent,
340 556 377 604 ut
400 562 474 603 rem
498 543 636 603 dubiam
656 542 861 624 relinquam.

330 643 416 708 Αιιι.
437 645 541 706 Kruo
564 644 743 727 specimen
765 665 930 728 magnum
953 643 1051 707 dedit
1078 643 1115 708 in
1133 649 1176 709 ab·

224 744 365 809 domine
384 748 496 809 Sciuri
512 751 663 830 vulgaris
686 770 705 810 a
726 766 764 811 se
784 734 968 830 repertum,
990 748 1062 810 huc
1084 749 1178 810 omni·

224 870 272 921 no
294 849 533 921 referendum
555 866 590 913 et
612 873 677 915 am.
693 848 836 913 Arruns
857 867 973 933 nuper
992 852 1078 913 duo·
1090 865 1178 913 trans·

224 951 316 1015 misit
337 950 374 1013 in
399 950 514 1015 Gerun-
527 953 681 1015 Tarondo
706 952 772 1016 sibi
794 954 914 1026 obvia,
946 974 1099 1034 quorum
1120 957 1179 1034 qui·

226 1055 302 1116 dem
326 1066 426 1135 caput
447 1053 610 1120 extricare
631 1060 789 1136 nequeo,
817 1077 968 1137 quorum
996 1072 1117 1121 autern
1135 1056 1179 1117 lu·

226 1157 316 1219 bitus
339 1155 481 1231 omnino
505 1155 597 1220 idem
621 1173 683 1223 est.

275 1288 315 1397 ’4
343 1288 574 1417 ῥγεῐίοειοιιε
600 1296 870 1425 'cellulosaell

226 1530 230 1539 ,
333 1461 459 1523 Nouus
481 1460 625 1525 vertitur
647 1482 766 1543 annus,
789 1485 834 1527 ex
853 1465 923 1544 quo
946 1466 1030 1527 'cum
1051 1464 1178 1547 Collega

224 1560 516 1665 conjunctissimo,
538 1564 587 1629 ill.
608 1567 742 1642 Κιιιιιι,
762 1565 890 1628 theatro
912 1567 1110 1631 anatomioo
1118 1569 1179 1649 lle·

224 1644 391 1747 rolinensi
412 1687 579 1749 praeesse
575 1667 746 1750 contigit,
774 1667 813 1737 iu
833 1676 903 1748 quo
924 1668 1086 1753 singulis.
1096 1671 1180 1732 annis

227 1770 315 1857 pirna
337 1768 501 1835 ducenta
511 1780 546 1833 et
576 1769 821 1854 quinquaginta
846 1771 1029 1845 cadavera
1042 1771 1181 1835 humana

223 1885 402 1951 ,secantpr,
429 1893 577 1955 quorum
605 1876 768 1953 quaterna
794 1886 853 1937 aut
874 1873 982 1952 quina
1007 1871 1181 1956 quotannis

230 1966 458 2056 Cysticeicum
487 1977 682 2047 Cellulosae
706 1977 789 2061 plus
810 1978 924 2043 minus
953 1976 1110 2058 copioso
1107 1960 1182 2037 olle

229 2089 318 2173 runt
341 2075 576 2169 Utplurimum
595 2079 760 2141 cadavera
775 2073 1183 2173 Leucoplegma'ticomm,

229 2174 345 2260 neque
374 2195 499 2263 tamen
514 2158 634 2241 Ascite
661 2150 723 2241 vel
739 2152 957 2241 Ᾰιιιειιιι
950 2179 1183 2250 laborantium,

229 2282 287 2345 illi
308 2281 459 2345 obnoxia
480 2297 568 2342 sunt
612 2280 851 2362 Plerumque
841 2304 878 2343 ιιι
900 2283 1083 2360 musculis,
1107 2306 1140 2344 v.
1160 2302 1184 2344 c·

225 2366 382 2468 glutaeis‚
400 2385 507 2447 iliaco·
501 2405 601 2466 -psoa,
626 2388 863 2447 extensoribus
878 2385 997 2461 cruris,
1020 2385 1185 2449 sedetiam

229 2488 309 2551 licet
332 2488 437 2550 rarius
465 2488 502 2549 in
525 2489 663 2550 cerebro
688 2503 877 2551 occurrunt.
930 2488 1048 2551 Semel
1075 2472 1183 2550 mulie·

229 2588 275 2653 ris
300 2588 398 2672 adipe
421 2592 508 2654 flava
522 2588 677 2652 tenuiore
699 2586 898 2652 abundantis
923 2591 1076 2654 cadaver
1097 2614 1116 2653 a
1135 2609 1184 2650 uo·

218 2692 280 2756 ‘bis
305 2692 485 2756 dissectum
507 2707 572 2767 est,
596 2690 691 2772 cujus
715 2692 861 2752 musculi
883 2690 1065 2773 plurimos,
1091 2710 1124 2758 et
1141 2681 1184 2771 ip·

230 2815 285 2858 sae
308 2786 418 2857 'cordis
443 2798 640 2883 trabeculae,
666 2814 745 2874 quas
764 2792 905 2867 sollicite
920 2793 1014 2856 hunc
1030 2795 1071 2858 in
1088 2798 1185 2858 finem

230 2897 438 2973 examinavi,
474 2913 539 2961 tres
562 2895 791 2969 exhibuerunt
821 2895 1056 2978 'Cysticercos3
1089 2896 1186 2980 ipsius

218 2998 342 3062 'autem
358 3004 562 3075 cerebrum,
567 2998 683 3081 quod'
674 3021 711 3060 ιιι
724 3000 840 3061 Museo
857 2999 966 3082 Regio
979 2996 1186 3061 Anatomico

216 3096 451 3165 ‘'s'e'rvan'du'm
458 3105 588 3178 curavi,
611 3105 737 3189 pariter
756 3101 823 3163 illis
855 3116 973 3175 scatet,
1000 3115 1042 3163 ut
1064 3101 1103 3162 in
1125 3117 1186 3161 cot·

229 3223 316 3287 pore
339 3201 468 3281 striato,
490 3202 596 3286 inque
618 3199 768 3268 medulla
793 3183 973 3285 oblongata
1001 3225 1119 3285 aeque
1140 3204 1188 3264 be·

214 3306 398 3397 ‘nequam
427 3307 515 3370 inter
546 3329 648 3391 gyros
671 3322 705 3370 et
730 3306 768 3369 iu
802 3305 985 3368 substantia
1010 3298 1188 3369 medullari

216 3386 425 3475 occurrant,
463 3405 700 3494 symptomata,
725 3431 812 3492 quae
835 3406 1016 3491 Cysticerci
1040 3426 1188 3492 praesen·

228 3511 309 3574 tiam
330 3517 368 3576 in
396 3511 489 3577 vivis
516 3516 679 3596 prodant,
712 3535 754 3577 ex
783 3512 1026 3576 defunctorum
1054 3507 1187 3574 historia

211 3610 344 3678 ''mor'bi
366 3620 526 3694 enodare,
548 3604 712 3679 hactenus
734 3604 807 3678 nou
829 3618 1036 3677 'concessum
1058 3614 1135 3679 fuit.
1160 3700 1163 3705 Ι

214 3737 219 3745 ·
261 3734 264 3743 ’
319 3710 417 3782 “Viri
440 3724 501 3784 cel.
529 3721 652 3793 Ηιιιιι
680 3707 922 3782 Universitalis
947 3708 1188 3800 Gotting'e'tisis

227 3832 262 3882 et
291 3820 467 3884 Prummu
501 3821 696 3885 Lundensis
729 3810 947 3884 Professores
982 3810 1186 3883 meritissimi

207 3916 376 3989 'eunde'm
397 3925 627 4013 Cystirercum
647 3914 854 3991 in'homine
874 3926 1102 3992 observatum
1122 3919 1185 3984 illu-
