2408 4478
565 259 851 333 ''⁶³5²'-

227 414 281 477 IL
304 427 334 476 1.
356 431 390 491 p.
411 420 485 486 343.
506 429 542 471 n.-
556 422 596 484 ,4.
618 411 705 475 Tab.
726 411 777 477 V.-
795 411 873 493 Fsg.
897 416 1030 495 4-7.)
1050 418 1173 485 marim

227 514 281 577 usi
305 512 479 593 diligentia
502 511 759 578 observavimus
785 526 820 575 et
848 536 923 577 ova
949 540 1043 599 poro
1065 523 1171 603 postico

228 614 359 679 ellundi
381 615 551 693 vidimus,
585 635 653 694 quo
681 613 825 693 dubium
845 620 995 683 nullum
1016 644 1171 707 superesse

226 718 342 801 possit
393 719 509 800 Hujus
536 738 619 777 vero
652 738 756 799 porus
792 719 929 789 anticus
958 724 1127 789 maximus
1147 744 1170 793 et

225 824 358 885 lobatus
381 834 414 881 et
437 818 587 898 ejusdem
611 836 662 880 est
678 820 817 897 formae,
842 842 880 883 ac
905 820 1170 913 Amphistomati

224 926 289 986 bus
311 920 464 1005 plurimis
486 922 570 983 alter
591 904 804 1001 conceditur,
834 944 942 1003 quem
958 926 1106 1011 idcirco
1113 936 1170 995 anti

225 1047 307 1088 cum
329 1023 543 1099 vocavimus,
577 1043 688 1105 eoque
719 1027 843 1107 magis,
879 1026 1020 1111 quippe
1039 1034 1167 1113 ejusden

225 1149 293 1209 ope
314 1126 472 1191 intestino
503 1125 701 1205 affiguntur,
728 1126 916 1209 hujusque
927 1147 1068 1211 partem
1087 1138 1167 1219 longe

224 1245 425 1313 protractam
446 1227 615 1287 mordicus
639 1239 763 1302 tenent,
785 1230 880 1311 quod
903 1252 924 1291 a
946 1254 1044 1313 poro
1061 1238 1166 1321 postico

223 1326 299 1397 fieri
320 1351 433 1413 posse,
457 1318 717 1403 vixadmiseris3
740 1328 842 1411 cujus
849 1352 901 1393 rer
891 1318 1166 1421 descriptionem

224 1435 373 1517 speciem
395 1432 525 1497 tertiam
549 1432 779 1494 enumerando
802 1432 894 1496 dedi.
941 1438 1085 1502 Certe
1075 1461 1102 1503 ts
1121 1458 1166 1505 tao

223 1552 296 1601 tum
322 1556 425 1619 porus
448 1534 595 1617 posticus
620 1533 781 1597 dicendus
802 1551 861 1609 est,
886 1557 960 1619 quo
986 1540 1165 1607 foeturaer·

222 1639 372 1723 pellitur
417 1638 451 1699 Si
474 1639 534 1701 cel.
558 1634 611 1699 vir
634 1658 737 1717 porro
758 1657 881 1717 porum
906 1642 1071 1711 anticum
1091 1646 1165 1709 ino

221 1734 299 1825 pitis
322 1742 428 1802 fundo
450 1741 632 1821 parvulum
647 1758 820 1803 occurrere
844 1740 939 1817 dicit,
956 1742 1087 1813 hocin
1102 1746 1165 1813 An

221 1843 422 1925 phistomate
457 1843 650 1903 subclavato
683 1860 717 1901 n.
750 1852 796 1915 14.
820 1834 950 1905 saltem
978 1846 1029 1913 de
1059 1828 1168 1935 postico

221 1945 345 2008 valet
336 1965 372 2005 ιη
394 1943 519 2005 caudae
541 1942 648 2004 fundo
673 1946 862 2009 latescente

328 2048 373 2109 In
396 2043 572 2125 speciebus
594 2046 716 2109 nostris
738 2046 850 2121 teriia,¹
885 2062 1006 2128 sexta,
1035 2054 1163 2137 septima,

221 2163 356 2220 octava,
386 2167 497 2222 nona,
531 2148 709 2210 undecima
736 2164 768 2211 et
795 2151 1014 2218 duodecima
1037 2178 1163 2221 errorem

221 2254 305 2311 clrca
326 2268 491 2329 purorum
513 2250 823 2314 denominationem
849 2252 972 2319 adesse
999 2280 1115 2340 posse.
1133 2262 1162 2320 lt·

221 2350 286 2414 cile
316 2351 547 2426 concedimus,
589 2372 732 2415 ovorum
766 2355 970 2422 exclusione
1009 2367 1162 2428 observata

220 2452 316 2515 brevi
339 2455 539 2518 tollendum.
583 2457 625 2516 In
649 2453 770 2517 iisdem
792 2458 976 2539 speciebus
1000 2468 1160 2546 quoddor·

220 2574 295 2617 sum
317 2556 394 2630 dixi,
419 2557 586 2618 abdomen
608 2556 681 2623 erit.
782 2572 786 2583 ·

273 2732 304 2783 ι.
329 2686 586 2807 Ampliistoma
612 2690 814 2810 longicolle
838 2684 883 2788 Β.
911 2747 948 2791 n.
980 2748 1042 2821 sp.

323 2846 393 2907 cel.
415 2846 566 2905 Hfisuen
602 2849 782 2925 specimina
810 2853 1159 2930 complura-misitln

216 2943 380 3009 intestinis
403 2949 526 3007 Ardeae
547 2947 656 3021 albae,
691 2950 890 3010 Bnestsrnos
915 2954 1060 3036 aliquot
1082 2958 1159 3021 inil·

214 3051 255 3111 lis
278 3051 361 3111 Lari
376 3049 564 3124 ridibwrdi,
588 3070 694 3109 unum
715 3054 751 3111 in
777 3053 817 3113 L.
835 3058 1012 3135 Atticillag
1035 3063 1158 3127 alterum

214 3149 253 3210 in
281 3150 387 3212 Ardea
413 3154 540 3231 stellari
572 3168 702 3233 reperta
734 3174 866 3215 mecum
895 3168 1159 3227 communicare.

213 3267 302 3333 runt,
324 3264 472 3332 quatuor.
484 3274 560 3313 cum
584 3254 723 3315 dimidia
743 3255 887 3327 edocto
909 3259 1039 3327 ¹lineos
1061 3268 1158 3348 longa.

231 3406 235 3441 :
323 3371 439 3448 Caput
461 3373 588 3449 album,
622 3374 799 3452 exiguum,
822 3377 1085 3459 subcordatum,
1101 3368 1158 3465 'pls

213 3494 355 3554 rumque
376 3471 543 3545 trilobum,
561 3475 648 3536 lobis
672 3479 802 3539 duobus
826 3483 1091 3559 posterioribus,
1111 3500 1156 3548 ter·

134 3586 136 3591 ’
213 3574 260 3635 ῐὶο
291 3573 456 3635 anteriore
485 3576 550 3636 illis
576 3594 737 3660 'except03
777 3600 876 3662 saepe
905 3602 1029 3650 autem
1058 3592 1155 3652 sulcus

216 3676 313 3734 lobos
354 3676 554 3753 posteriores
595 3681 751 3744 drvidens
793 3684 899 3744 haud
919 3689 1050 3765 adest-,-
1085 3707 1153 3754 turs

212 3794 279 3855 que
321 3794 394 3854 pars
424 3783 540 3839 antica
581 3798 707 3843 tanturn
751 3806 794 3845 a
807 3789 1003 3867 posteriore
1039 3796 1151 3876 majore

211 3874 431 3959 distinguitur.
476 3879 595 3953 Collum
613 3883 813 3969 lascescens,
835 3890 1148 3979 longissimorum
