2452 4478
406 265 581 355 ..535
659 284 710 306 ..

141 447 144 450 ⁴
171 417 268 479 Inter
300 413 456 480 minimas
487 418 588 502 hujus
628 416 774 504 generis.
823 415 946 502 Carpus
968 433 1021 481 ae·

59 518 174 596 quale.
218 521 334 600 Caput
357 535 556 598 truncatum,
573 526 778 606 angulatum,
802 520 925 582 osculis
939 540 1018 600 qua-

57 633 139 680 tuor
162 619 344 700 majoribus
367 625 403 683 in
427 624 574 706 angulis,
597 627 717 689 aculeo
746 622 949 688 brevissimo
979 619 1018 681 in

57 734 178 780 centro
212 726 339 806 capitis.
406 726 584 808 Segmenta
622 725 772 809 corporis
807 722 1018 794 brevissima,

54 823 221 903 utrinque
242 829 334 906 poris
359 825 578 892 evacuatoriis
601 830 638 891 in
660 830 786 909 angulo
811 827 931 887 anti00.

156 926 206 987 In*
222 929 389 992 intestinis
410 935 533 1001 Anatis
553 931 721 994 Tadornae
739 927 875 992 invenit
888 925 1018 989 Aman-
1075 952 1081 965 ·

55 1049 191 1097 nnann.
691 1085 692 1088 ,

168 1133 268 1219 Quae
298 1131 467 1220 Zoologia
488 1130 621 1195 Danica
650 1132 768 1205 refert,
807 1133 1015 1194 verbotenus

55 1233 212 1313 reddidi,
243 1235 285 1296 iis
308 1253 421 1300 autem
443 1235 570 1318 species
593 1233 736 1296 minime
758 1234 913 1304 efficitur.
955 1227 1019 1312 Al·

55 1350 131 1398 tera
153 1337 261 1415 figura
283 1351 366 1400 teste
391 1334 523 1400 Taenia
547 1335 801 1417 semipoilicaris
823 1334 898 1410 fuit,
920 1346 953 1395 et
971 1351 1024 1417 se·x

56 1439 210 1498 cundum
235 1441 375 1502 alteram
399 1439 554 1522 virginea
582 1453 616 1501 et
645 1439 772 1520 integra
800 1435 905 1499 fuisse
925 1435 1019 1498 vides

57 1540 132 1613 tur3
165 1560 245 1600 nam
278 1541 392 1603 ultimi
430 1539 561 1612 articuli
578 1539 761 1602 'rotundati
786 1536 941 1600 foramen
968 1547 1019 1599 est

57 1641 215 1703 medium
239 1643 426 1708 terminale.
469 1637 650 1711 Foramina
678 1654 826 1707 ceterum
852 1637 1018 1722 opposita,

55 1765 145 1824 quae
170 1744 317 1824 speciem
345 1767 475 1808 novam
505 1758 664 1828 arguunt,
696 1744 803 1825 figura
835 1741 1019 1805 illa'male
1086 1739 1090 1747 ’

55 1847 258 1921 redduntur,
277 1832 351 1909 non
375 1847 472 1921 enim
493 1869 578 1911 vere
601 1844 795 1928 marginalia
825 1858 925 1924 sunt,
953 1826 1036 1916 sed*

56 1948 100 2010 ad
125 1949 230 2011 latera
250 1949 408 2042 marginis
431 1949 608 2038 utriusque
629 1950 667 2011 in
687 1950 792 2012 latere
806 1947 957 2011 Taeniae
970 1943 1018 2006 in·

54 2051 184 2114 feriore
207 2065 397 2114 occurrunt.
928 2111 941 2134 a,

88 2172 91 2178 ·
172 2154 306 2236 Speciei
339 2150 479 2216 ulterior
514 2149 683 2237 expositio
718 2145 1017 2234 Helminthologia

54 2255 269 2320 Borealibus
290 2255 465 2319 incumbit.
