2408 4478
522 236 805 317 ἐμφθ-

190 388 382 483 Septembri
405 412 525 461 mense
547 390 696 478 Neapoli
717 408 915 480 repertum,
938 392 1028 464 meis
1046 397 1148 481 majus,

191 506 273 565 duas
296 501 428 577 scilicet·
454 519 529 560 cum
558 498 697 560 dimidia
730 501 841 564 lineas
876 503 1049 583 longum,
1078 522 1146 583 poro

190 598 337 671 'ventrali
359 602 498 683 majore,
523 594 650 665 vermis
673 616 785 665 tamen
810 602 960 667 ratione
981 602 1148 667 habitanti·

192 704 287 772 ir'ime
320 723 424 778 tanto,
452 724 491 763 ac
512 703 549 764 in
582 724 680 785 supra
712 704 893 787 descriptis
927 704 1020 774 vidi.
1063 706 1148 769 color

194 807 388 891 speciminis
407 805 590 867 transmissi
610 805 745 886 spiritus
768 826 837 889 ope
861 822 1044 882 mutatus,
1063 811 1147 886 albus,

195 896 310 971 o'vulis
339 910 380 970 ad
411 909 511 967 latera
536 906 700 989 congestis
728 904 848 981 flavis,
890 908 988 971 vasis
1016 924 1052 974 et
1083 908 1147 975 arei·

195 1022 266 1089 tam
287 1006 407 1071 mediis
432 1028 532 1093 quam
555 1010 652 1071 etiam
676 1008 780 1097 apicis
802 1010 968 1075 caudalis
991 1013 1087 1079 albis.

247 1180 308 1257 89.
335 1169 507 1239 Distoma
534 1170 674 1261 palleus
705 1172 750 1239 R.
777 1193 812 1239 n.
842 1192 903 1263 sp.

281 1304 351 1378 ¹In
382 1313 541 1393 intestino
576 1314 677 1395 Spuri
698 1319 845 1377 Aurorae
875 1314 1041 1399 Neapoli
1068 1316 1148 1381 calu·

198 1413 249 1478 dis
275 1416 422 1495 Augusti
449 1413 634 1496 specimina
657 1414 766 1497 reperi
790 1430 881 1489 octo,
908 1439 1024 1479 urtam
1046 1418 1148 1479 duasve

197 1519 305 1581 lineas
330 1520 449 1598 longa,
492 1518 621 1580 tertiam
656 1520 768 1583 lineae
790 1533 928 1599 partem
952 1522 1035 1594 lata,
1068 1520 1149 1580 lactat

198 1621 330 1689 macuta
353 1622 505 1682 sublutea
528 1621 648 1693 media,
672 1640 771 1705 saepe
793 1620 854 1684 vix
876 1620 1046 1688 notabili·

201 1705 208 1719 ⁹
307 1721 410 1784 Porus
434 1730 565 1785 aratieur
588 1722 714 1783 inferus
739 1726 992 1807 subglobosus‚
1018 1734 1150 1805 apertur

200 1812 334 1903 saeuius
358 1826 504 1907 oblonga
528 1826 618 1897 vim
642 1827 802 1887 veneratis
817 1827 933 1906 duplo
950 1826 1075 1907 major,
1085 1844 1152 1907 aper·

201 1935 275 1986 tura
293 1941 493 1994 transversa.
549 1928 669 1990 Collum
699 1941 783 1990 teres
814 1924 1008 1991 latitudine
1040 1922 1149 2009 corpori

203 2028 355 2106 aequale,
379 2050 493 2110 neque
518 2033 708 2093 discretum.
739 2028 870 2108 Corpus
896 2032 1152 2113 oblongum‚po

205 2131 287 2192 stice
311 2134 538 2201 rotundatum,
557 2130 874 2213 depressiusculum.
914 2131 1001 2193 Ova
1018 2132 1153 2211 utrinque

210 2230 298 2291 serie
323 2252 443 2312 magna
467 2234 708 2313 longitudinali
725 2244 892 2311 congesta,
909 2232 1062 2295 maculis
1081 2233 1154 2294 inter

205 2329 329 2392 mediis
352 2312 401 2406 ¹(in
424 2334 513 2395 linea
535 2337 693 2396 mediana
716 2333 799 2408 sitis)
823 2331 1095 2411 orbiculatim,
1110 2332 1156 2416 pel·

205 2431 336 2495 lucidis.
370 2434 491 2497 Latera
517 2434 610 2517 quasi
626 2436 867 2517 pulverulenta
892 2453 1080 2521 apparent.
1111 2434 1156 2495 cir·

205 2554 260 2598 rus
284 2535 394 2597 brevis
418 2551 527 2599 rectus
552 2550 737 2603 truncatus.

319 2654 398 2718 Obs.
433 2656 568 2716 Summa
602 2670 691 2717 certe
718 2653 924 2718 Distomatis
963 2654 1156 2738 insequentis

208 2753 366 2835 affinitas,
401 2779 418 2819 a
441 2778 509 2837 quo
532 2772 642 2819 tamen
665 2759 755 2842 poris
779 2756 875 2820 aliter
900 2758 1099 2821 constitutis
1118 2753 1158 2817 dii·

208 2856 289 2929 fert3
331 2876 471 2941 utraque
506 2874 614 2919 tamen
648 2858 773 2939 species
804 2857 844 2918 ad
878 2863 1041 2941 primam
1069 2857 1159 2922 sectio

210 2978 308 3037 nem,
337 2965 380 3023 ob
405 2978 525 3043 corpus
545 2960 864 3040 depressiusculum,
898 2961 1037 3025 melius
1071 2962 1161 3024 forsan

212 3061 407 3144 referretur,
444 3062 538 3143 quod
559 3060 704 3146 Synopsi
726 3063 811 3147 typis
837 3059 1017 3147 impressa
1043 3065 1162 3131 demum

214 3164 372 3229 observo.

266 3337 325 3409 90.
354 3294 522 3389 Distoma
547 3319 751 3390 areolarum
779 3322 823 3390 R.

323 3448 394 3509 Eut
429 3453 476 3512 Π.
502 3470 526 3515 ι.
551 3472 584 3533 p.
607 3461 679 3527 401.
702 3471 736 3510 n.
758 3461 810 3524 42.

323 3550 425 3634 Quod
454 3551 558 3611 Orno
585 3553 775 3623 Fannrcws,
799 3561 920 3612 auctor
944 3551 1164 3616 meritissimus

217 3642 253 3707 in
279 3648 489 3712 Pleuronocte
513 3654 664 3713 Platessa
688 3650 829 3728 detexit,
850 3651 928 3732 ipse
952 3653 1107 3736 Neapoli
1125 3653 1165 3714 Ju-

217 3744 277 3805 nio
302 3748 336 3807 in
361 3750 524 3813 intestinis
553 3755 796 3817 Pleurouectum
828 3772 892 3821 sex
920 3779 1113 3823 mancorum
1130 3770 1164 3814 rt

217 3846 302 3930 peri,
325 3849 459 3934 vivum,
481 3854 777 3941 elegantissimum.
