2408 4478
551 272 834 344 ..292-

10 438 35 471 '⁶
213 431 352 490 alteram
387 415 587 493 octodecim,
624 420 763 484 alteram
796 422 1043 487 novendecim
1073 424 1169 492 lineas

217 532 365 609 longam,
388 537 565 601 utramque
586 521 688 584 valde
710 542 859 601 crassam,
881 539 985 606 parte
1008 530 1118 592 antica
1132 544 1169 595 ta

217 631 351 707 nuiore·

320 726 496 788 Valvulae
531 727 597 786 oris
634 725 910 792 distinctissime.
973 731 1169 798 Membrana

218 829 380 903 lateralis,
411 827 543 906 qualem
575 846 618 887 ex
639 828 774 891 Zennnr
795 831 1032 911 descriptione
1053 834 1091 897 in
1111 838 1168 898 Eo·

218 928 412 1011 tozoologia
432 927 547 1003 retuli,
574 929 731 1010 utrinque
753 930 789 993 in
810 933 919 995 cauda
941 956 1053 1014 quam
1075 940 1112 997 in
1131 960 1170 999 ca·

218 1044 287 1129 pite
324 1030 431 1113 magis
469 1030 546 1091 coit.
605 1029 744 1092 Minoris
778 1034 885 1095 cauda
923 1036 1066 1117 apicem
1101 1040 1169 1101 obli·

220 1160 325 1228 quum
344 1139 485 1197 brevem
507 1127 644 1204 obtulit;
670 1130 805 1211 majoris
833 1149 950 1197 autem
982 1140 1168 1221 speciminis

220 1264 306 1329 apex
328 1236 472 1300 candolis
494 1245 611 1307 rectus,
635 1248 788 1313 apertura
809 1234 932 1319 exigua
953 1243 1155 1322 perforatur

271 1365 333 1438 δι.
357 1359 493 1435 Ascuris
517 1354 637 1451 rigida
660 1363 705 1427 tt.
995 1444 998 1453 Ι

324 1470 405 1539 Am.
427 1472 590 1531 Banusran
624 1467 808 1548 specimina
833 1471 894 1534 tria
927 1476 1027 1541 misit
1053 1478 1093 1542 in
1118 1480 1168 1545 lo

219 1587 295 1668 pbir'
315 1575 492 1662 piscatorii
513 1572 594 1631 tubo
619 1568 743 1631 cibario
765 1588 906 1655 reperta,
928 1580 1085 1643 alterum
1100 1602 1168 1645 mae

221 1688 335 1750 culum
376 1671 575 1745 duodecim,
616 1670 746 1752 reliqua
776 1672 924 1739 feminea
955 1682 1119 1764 quinque
1144 1694 1170 1745 et

220 1781 381 1850 undecim
401 1776 505 1838 lineas
520 1774 630 1855 longa,
654 1774 1044 1863 cinereosusoegcenffi'
1059 1800 1169 1849 mot·

221 1908 295 1953 sum
315 1880 419 1963 magis
439 1888 619 1941 attenuata,

327 1997 442 2064 Gauda
463 1993 562 2055 maris
594 1992 734 2056 incurva
766 1996 906 2079 cuspide
932 2002 1042 2067 tenui
1072 2004 1170 2071 terni.

219 2118 312 2180 nata,
356 2097 486 2178 spiculo
518 2096 622 2176 longo
661 2094 814 2177 simplici,
876 2102 1001 2168 Gauda
1034 2106 1170 2173 femin„

220 2210 388 2290 depressa,
408 2195 500 2278 apice
528 2194 692 2278 papillati,

270 2342 330 2431 65.
356 2337 497 2411 Ascaris
523 2337 674 2408 incurva
698 2345 743 2411 R.
770 2366 807 2413 n.
833 2365 885 2436 sp.

324 2455 417 2515 Dum
432 2449 600 2531 Synopsin
624 2453 802 2534 conscripsi
823 2456 966 2518 nonnisi
991 2458 1172 2541 specimine

220 2561 288 2623 duo
310 2556 350 2616 ad
373 2572 491 2614 manus
515 2565 619 2630 erant,
642 2575 661 2613 a
681 2557 741 2617 cel.
760 2558 954 2636 Spcdalr'eri,
973 2561 1172 2626 Professore

217 2658 394 2724 Ticinensi
415 2667 549 2732 accepta
591 2655 699 2717 Dedit
721 2656 880 2718 nimirum
901 2660 942 2721 cl.
968 2662 1173 2745 vir-particu-

216 2766 284 2837 lam
305 2755 456 2822 intestini
467 2757 617 2835 Xipltiae
632 2758 745 2818 eladii
760 2758 795 2819 in
820 2780 884 2837 qua
899 2764 1087 2827 tubercula
1107 2765 1172 2829 ade·

216 2878 291 2930 rant
304 2857 485 2924 Ascarides
509 2856 723 2920 continentia.
751 2861 830 2920 Hae
842 2875 1025 2927 contortae
1050 2881 1172 2949 septem

216 2968 259 3031 ad
280 2976 356 3026 octo
379 2958 486 3020 lineas
505 2959 639 3039 longae,
658 2963 787 3023 tertiam
808 2959 920 3023 lineae
942 2978 1081 3044 partem
1102 2988 1173 3031 ctat·

216 3088 283 3143 rae,
306 3076 494 3126 antrorsum
516 3059 620 3139 magis
644 3075 846 3133 attenuatae,
878 3064 1000 3143 capitis
1029 3068 1173 3135 valvulis

216 3165 343 3249 exiguis
366 3162 425 3224 sed
457 3161 633 3235 distinctis,
668 3166 795 3225 caudae
824 3164 919 3242 apice
953 3167 1172 3253 longiusculo

215 3263 394 3347 semitereti
415 3278 511 3324 acuto
535 3263 721 3324 incurvato.

319 3369 513 3449 Synopseos
536 3378 629 3445 parte
651 3363 809 3444 impressa
830 3369 999 3449 Xiphiam
1021 3376 1173 3441 Gladim

217 3469 333 3551 accepi
363 3467 578 3546 sexpedalem
608 3465 663 3525 die
693 3466 847 3529 Octobris
872 3470 1012 3537 XXIII
1044 3476 1084 3539 in
1104 3479 1172 3541 But.

214 3578 279 3635 tico
304 3584 452 3649 captum,
483 3586 585 3645 quem
609 3566 641 3624 d.
663 3565 814 3643 ejusdem
843 3572 971 3633 mensis
997 3575 1104 3641 XXX
1124 3600 1172 3644 ex.

213 3668 544 3747 aminavi,‘cujusque
557 3665 591 3725 in
603 3666 777 3739 branchiis,
791 3672 1002 3754 oesophago,
1012 3682 1076 3744 sed
1087 3702 1170 3764 prac-

212 3773 330 3835 sertim
348 3771 384 3829 in
408 3766 599 3829 ventriculo
629 3779 661 3828 et
686 3769 850 3834 duodeno
873 3777 1046 3856 plurimas
1066 3780 1171 3867 reperi

210 3868 393 3941 Arsacides
408 3884 473 3943 ,aut
495 3867 620 3934 albidas
643 3879 700 3929 aut
721 3875 879 3954 rubellas,
903 3898 1022 3949 unum
1043 3886 1088 3949 ad
1099 3905 1168 3969 qur.
