2408 4478
387 234 569 327 -663
619 269 672 291 ..

104 429 126 469 n
147 401 291 467 dimidio
303 332 476 487 pollicem
497 405 615 489 longa,
634 398 795 470 omnibus
813 399 906 472 notis
927 423 1010 471 con·

104 506 237 574 sientia
806 534 809 543 ⁴

104 663 163 751 46.
183 662 330 738 Ascuris
352 665 614 763 cephaleptera
637 671 686 744 R«

155 813 302 896 Synops.
324 833 362 894 p.
385 825 439 892 52.
459 834 494 878 n.
517 826 572 894 70.
589 812 745 880 Mentiss.
766 798 803 898 pi
823 827 901 894 2950

105 978 109 989 ,
153 917 227 981 Cel.
250 915 485 982 Dosmncnn
510 916 697 999 specimina
725 915 881 1001 quinque
909 909 1008 989 misit,

103 1039 194 1084 >rum
215 1038 325 1079 unum
345 1015 383 1080 in
405 1019 607 1098 ventriculo,
630 1019 763 1101 reliqua
784 1018 822 1081 in
839 1017 1008 1085 intestinis

104 1119 210 1184 uibus
233 1116 366 1182 colubri
384 1116 625 1203 quadrilineati
643 1135 778 1205 reperta
800 1131 891 1200 sunt,
913 1117 1008 1181 albis·
1090 1149 1093 1155 =

103 1245 144 1300 ta,
166 1241 275 1284 unum
297 1223 487 1285 masculum
507 1219 1008 1310 octodecimfleliquafeminea

108 1321 233 1409 viginti
253 1337 323 1388 tres
344 1323 452 1385 lineas
472 1328 585 1409 longa.

153 1428 285 1510 Capitis
317 1429 513 1493 membrana
549 1430 573 1493 l.
602 1451 630 1490 c.
665 1426 756 1495 dicta
792 1426 830 1490 in
857 1436 1003 1506 quatuor

103 1527 286 1594 ciminibus
309 1526 473 1604 distincta,
488 1528 597 1612 quinti
619 1533 772 1598 obscura.
816 1527 1002 1592 Condamu-

115 1650 224 1694 crassa
248 1629 390 1692 incurva
413 1631 507 1714 apice
531 1632 763 1696 obtusiuscule
784 1627 1001 1702 brevissimo,

102 1754 123 1798 e
144 1754 246 1814 quem
267 1731 434 1814 spiculum
457 1735 562 1800 breve.
581 1749 723 1802 rectum.
770 1734 837 1805 Illa
854 1728 1002 1823 feminac

103 1853 177 1912 usa¹
198 1834 270 1902 fere
292 1833 516 1902 obtusissima

102 2002 159 2089 47.
184 1994 324 2069 Ascuris
349 1995 582 2088 serpentulus
603 2002 651 2071 tt.

153 2141 297 2223 Synops.
320 2162 353 2223 p.
377 2154 428 2217 53.
448 2150 487 2206 'm
511 2156 562 2220 72.
584 2135 739 2205 Mandas.
761 2160 795 2223 p·
816 2142 889 2223 296.

151 2245 255 2308 Hanc
280 2239 317 2302 in
346 2243 455 2304 Ardea
487 2246 614 2305 cinerea
634 2256 801 2324 repertam
828 2238 1001 2324 descripsi.

102 2366 129 2408 n.
154 2345 287 2408 Onssns
309 2344 410 2408 variis
433 2344 471 2408 in
493 2345 609 2417 Ardec's
630 2327 826 2407 braiilianis
848 2346 1000 2420 offendit,
1056 2381 1057 2384 =

102 2448 289 2511 timesne
312 2447 348 2508 in
377 2443 544 2512 intestinis
563 2446 689 2511 Ardeae
708 2447 942 2533 Nycticoracic
963 2450 1000 2512 in

101 2549 187 2613 tsilia
207 2548 355 2613 invenit.

148 2649 390 2735 Speciminum,
413 2670 501 2734 quae
513 2647 713 2732 Onznsin
732 2649 927 2716 ventriculo
939 2654 999 2715 Ar·

101 2775 126 2815 ιι
145 2755 328 2838 scapularis
347 2752 441 2835 Majo
464 2750 607 2834 reperit,
637 2755 788 2819 mascula
816 2751 887 2817 dun
915 2767 1003 2834 sunt,

102 2875 122 2918 ο
146 2857 189 2919 ad
211 2877 354 2936 novem,
387 2855 530 2922 feminea
552 2855 737 2935 complura,
774 2875 835 2923 sex
858 2857 901 2920 ad
922 2869 999 2919 octo

101 2976 152 3024 tas
175 2960 288 3043 longa,
309 2959 394 3027 haec
416 2956 584 3032 crassiore,
607 2957 713 3023 cauda
737 2971 846 3040 recta,
861 2957 1002 3024 illorum

101 3059 179 3138 exa,
201 3059 340 3144 spiculis
363 3062 497 3124 duobus
529 3056 738 3126 brevissimis
765 3074 847 3130 ante
872 3059 1001 3145 apicem

101 3163 170 3227 ‚dae
194 3161 436 3230 brevissimum
459 3158 611 3227 exsertis.

148 3265 252 3330 Idem
274 3266 448 3352 specimen
469 3262 561 3328 misit
589 3262 776 3330 masculum
795 3265 931 3345 decem,
966 3277 1001 3328 et

100 3359 235 3428 lineum
257 3390 387 3432 novem
408 3367 513 3431 lineas
534 3366 678 3447 longum
698 3364 736 3428 in
757 3365 883 3429 Ardeae
902 3367 1000 3430 nn.

100 3469 237 3532 ttriculo
253 3472 379 3534 Martio
402 3488 521 3534 mense
546 3467 583 3530 in
604 3465 748 3533 Brasilia
768 3480 1000 3552 repertums-

104 3571 198 3646 cula,
221 3569 361 3657 spiculis
384 3568 496 3654 longis
517 3568 669 3635 exsertis.

144 3673 245 3737 Idem
267 3670 327 3735 tria
353 3671 504 3739 feminea
535 3671 574 3736 in
602 3665 794 3738 ventriculo
817 3670 942 3735 Ardone
964 3691 1001 3739 n.

129 3774 227 3856 Majo
251 3787 399 3857 reperta3
428 3789 462 3841 et
484 3776 660 3860 complura
680 3783 853 3855 practerea
875 3773 912 3836 in
940 3781 999 3839 Ar·
1040 3852 1042 3859 Α

100 3895 112 3932 t
137 3878 256 3946 mvl.
280 3878 480 3963 oesophsgo
503 3891 537 3944 et
558 3874 748 3941 ventriculo
770 3889 912 3958 reperta,
926 3897 996 3960 pas·

321 4034 328 4065 l
