2452 4478
548 227 608 285 .-.,·
659 200 735 281 574
779 227 836 283 .:·.·

221 356 380 451 renipnt.
398 384 443 403 —
456 355 600 449 „Confer
619 355 770 441 speciem
794 376 830 422 ιι.
852 357 904 424 26.
918 369 954 424 et
973 373 1028 440 27,
1050 358 1176 436 affines,

223 462 262 527 ni
276 460 382 524 'fallor
405 476 516 523 tamen
535 458 695 545 diversas.

276 618 738 690 26.2·Distoma·sinuatum
764 623 809 686 R.
834 640 871 685 n.
899 637 953 707 sp.

328 727 446 811 Multis
462 751 623 829 Ophr'diis
640 747 834 809 iniberbibur
853 759 1084 808 entozoorum
1096 767 1182 810 caus·

226 869 261 912 sa
283 850 384 909 frusta
410 851 634 925 examinatis,·
652 852 787 929 tandem
812 846 1067 923 tribusiterum
1089 851 1180 912 Julio

224 953 370 1030 Neapoli
403 951 552 1021 dissectis
586 954 653 1021 duo
685 950 795 1033 reperi
819 949 1028 1020 Distomata,
1061 949 1184 1013 lineam

227 1072 304 1114 cum
329 1052 426 1113 liuius
451 1036 560 1114 tertia*
570 1050 662 1134 'parte
681 1054 793 1131 longa,
821 1067 972 1131 quartam
990 1051 1124 1115 circiter
1145 1054 1182 1113 la·

225 1156 268 1228 ἴῃ
293 1152 415 1232 albida,
441 1148 569 1215 macula
594 1153 705 1217 media
735 1154 926 1216 rufesce'nte
951 1152 1030 1215 satis
1054 1174 1177 1236 magna.

317 1274 418 1355 'Pori
446 1273 730 1350 suborbjculares‚
768 1271 981 1335 mediocriter
1012 1270 1176 1346 distantes,

227 1356 389 1438 centralis
411 1375 525 1455 major.
574 1364 698 1437 Collum
718 1387 751 1436 et
773 1356 891 1449 corpus
913 1373 1121 1454 depressum,
1142 1370 1176 1433 il·

227 1479 288 1538 lud
304 1478 475 1552 conicum,
498 1477 562 1537 hoc
577 1466 761 1558 posteriora
780 1493 897 1538 versus
919 1486 1067 1550 auctum,
1088 1473 1174 1555 apice

220 1579 429 1652 rotundato,
455 1558 555 1639 totins
572 1577 778 1640 Distomatis
800 1575 1007 1657 marginibus
1034 1572 1171 1647 sinuatis,

228 1678 757 1753 mederisma-”Oealateralia
781 1678 873 1740 fusca
896 1690 1067 1758 congesta.
1110 1677 1171 1738 Vas

232 1784 353 1863 spir-ale
376 1783 521 1843 l'ulvum.
567 1780 696 1843 Confer
712 1781 860 1860 speciem
876 1783 1138 1864 praecedentem
1147 1788 1172 1838 et

223 1885 474 1964 insequentem.

284 2055 331 2132 27
368 2033 533 2112 Distoina
558 2024 707 2113 fulvum
732 2047 775 2111 R.
800 2065 836 2109 n·
861 2063 914 2133 sp.

341 2173 384 2231 In
420 2170 584 2233 intestinis
623 2173 711 2233 Gadi
737 2172 871 2233 Molvre
902 2167 1050 2248 Neapoli
1081 2169 1170 2232 Junio

227 2272 373 2343 ⁴unicum
389 2273 499 2350 reperi
517 2274 697 2353 specimen,
715 2275 841 2338 lineam
858 2274 1038 2349 excedenc,
1061 2276 1172 2354 depres-

231 2393 321 2447 sum,
344 2376 490 2434 fulvum.

345 2492 430 2554 Pori
462 2489 678 2573 semiglobosi
720 2491 910 2573 marginati,
946 2496 1109 2555 neutralis
1142 2492 1175 2551 di·

228 2604 327 2653 ·stans
360 2595 474 2674 major.
518 2599 612 2656 Inter
647 2610 749 2673 poros
782 2595 997 2654 tuberculum
1038 2599 1175 2676 parvum·

243 2691 366 2775 Corpus
389 2700 526 2757 crassius
549 2697 623 2757 sive
647 2697 755 2770 latius,
780 2698 897 2768 ovale,
923 2698 1009 2757 eollo
1026 2697 1177 2757 tenuiore.

242 2793 311 2874 Vas
336 2798 492 2878 utrinque
516 2797 764 2877 longitudinale
783 2798 907 2876 album,
927 2799 1128 2879 luscumque
1148 2799 1179 2856 la·

242 2897 308 2957 tius
332 2921 349 2958 a
373 2921 457 2980 poro
492 2899 631 2962 ventrali
672 2899 712 2957 ad
748 2898 878 2976 apicem
913 2901 1050 2962 caudae.
1119 2901 1181 2962 Ova

241 3000 338 3062 nulla
363 3004 508 3076 aderant,
532 3005 590 3063 sed
612 3021 708 3064 areae
733 3001 862 3063 mediae
885 3022 1024 3064 vacuae.
1065 3008 1069 3014 “

229 3160 233 3165 .
299 3154 302 3163 .
352 3103 501 3167 Subinde
533 3122 647 3184 margo
683 3100 908 3165 denticulatus
944 3101 1039 3163 visus
1064 3117 1128 3180 est,
1159 3119 1188 3160 re

243 3211 358 3262 tamen
395 3207 552 3268 attentius
583 3221 728 3288 spectata
763 3224 883 3284 corpus
914 3206 1071 3285 undique
1105 3208 1189 3266 laeve

249 3305 382 3365 sistitur.
426 3309 593 3390 Singulari
623 3308 725 3369 modo
755 3309 859 3368 cauda
889 3322 1084 3368 antrorsurn
1109 3304 1191 3368 refle-

252 3404 349 3482 titur,
381 3431 450 3490 quo
474 3434 597 3493 porum
620 3411 808 3474 ventralem
830 3423 929 3490 tegat,
960 3411 1132 3471 retractilis
1163 3419 1196 3463 ta·

237 3526 331 3581 ..men
355 3533 426 3572 non
451 3528 514 3576 est.-

363 3614 467 3697 Quod
490 3616 688 3677 Barusnnus
711 3612 802 3673 misit
831 3612 1004 3694 specimen
1026 3611 1065 3674 in
1087 3604 1198 3673 intesti-

236 3712 307 3787 „nis
341 3714 430 3774 Gadi
456 3719 683 3778 mediterranei
718 3714 832 3795 Aprili
862 3732 1053 3797 repertum,
1084 3714 1199 3778 lineam

256 3829 335 3872 cum
357 3833 472 3892 quarta
493 3819 593 3900 hujus
615 3830 708 3900 parte
729 3818 890 3900 longum,
909 3819 1045 3883 fasciam
1069 3817 1200 3901 quidem
