<?xml version="1.0" encoding="UTF-8"?>
<!DOCTYPE html PUBLIC "-//W3C//DTD XHTML 1.0 Transitional//EN"
    "http://www.w3.org/TR/xhtml1/DTD/xhtml1-transitional.dtd">
<html xmlns="http://www.w3.org/1999/xhtml" xml:lang="en" lang="en">
 <head>
  <title>
</title>
<meta http-equiv="Content-Type" content="text/html;charset=utf-8" />
  <meta name='ocr-system' content='tesseract 3.04.00' />
  <meta name='ocr-capabilities' content='ocr_page ocr_carea ocr_par ocr_line ocrx_word'/>
</head>
<body>
  <div class='ocr_page' id='page_1' title='image "./entozoorumsynop00rudogoog/entozoorumsynop00rudogoog_0552.png"; bbox 0 0 2452 4478; ppageno 0'>
   <div class='ocr_carea' id='block_1_1' title="bbox 401 285 685 368">
    <p class='ocr_par' dir='ltr' id='par_1_1' title="bbox 401 285 685 368">
     <span class='ocr_line' id='line_1_1' title="bbox 401 285 685 368; baseline 0.011 -4"><span class='ocrx_word' id='word_1_1' title='bbox 401 285 685 368; x_wconf 52' lang='lat'><strong>*545-</strong></span> 
     </span>
    </p>
   </div>
   <div class='ocr_carea' id='block_1_2' title="bbox 45 426 1024 615">
    <p class='ocr_par' dir='ltr' id='par_1_2' title="bbox 45 426 1024 615">
     <span class='ocr_line' id='line_1_2' title="bbox 45 426 1024 522; baseline -0.007 -8"><span class='ocrx_word' id='word_1_2' title='bbox 45 426 176 514; x_wconf 57' lang='lat' dir='ltr'>⁶recens</span> <span class='ocrx_word' id='word_1_3' title='bbox 212 462 353 511; x_wconf 83' lang='lat' dir='ltr'>mecum</span> <span class='ocrx_word' id='word_1_4' title='bbox 385 443 674 522; x_wconf 84' lang='lat' dir='ltr'><strong>communicavit,</strong></span> <span class='ocrx_word' id='word_1_5' title='bbox 710 441 810 511; x_wconf 90' lang='lat' dir='ltr'>solito</span> <span class='ocrx_word' id='word_1_6' title='bbox 845 466 945 516; x_wconf 85' lang='lat' dir='ltr'>more</span> <span class='ocrx_word' id='word_1_7' title='bbox 974 467 1024 515; x_wconf 84' lang='lat' dir='ltr'>ar.</span> 
     </span>
     <span class='ocr_line' id='line_1_3' title="bbox 52 564 197 615; baseline -0.014 0"><span class='ocrx_word' id='word_1_8' title='bbox 52 564 197 615; x_wconf 87' lang='lat' dir='ltr'>matum.</span> 
     </span>
    </p>
   </div>
   <div class='ocr_carea' id='block_1_3' title="bbox 109 654 1124 810">
    <p class='ocr_par' dir='ltr' id='par_1_3' title="bbox 109 654 1124 810">
     <span class='ocr_line' id='line_1_4' title="bbox 109 654 1124 810; baseline 0.004 -31"><span class='ocrx_word' id='word_1_9' title='bbox 109 723 146 801; x_wconf 74' lang='lat'>5.</span> <span class='ocrx_word' id='word_1_10' title='bbox 168 703 398 801; x_wconf 83' lang='lat' dir='ltr'>Cysticerons</span> <span class='ocrx_word' id='word_1_11' title='bbox 417 702 634 781; x_wconf 80' lang='lat' dir='ltr'>tenuicollis</span> <span class='ocrx_word' id='word_1_12' title='bbox 648 712 695 785; x_wconf 83' lang='lat' dir='ltr'>R.</span> <span class='ocrx_word' id='word_1_13' title='bbox 715 711 804 785; x_wconf 83' lang='lat' dir='ltr'>Tab.</span> <span class='ocrx_word' id='word_1_14' title='bbox 820 714 949 810; x_wconf 49' lang='grc' dir='ltr'>θῇς.</span> <span class='ocrx_word' id='word_1_15' title='bbox 966 729 1022 802; x_wconf 69' lang='lat' dir='ltr'>aa.</span> <span class='ocrx_word' id='word_1_16' title='bbox 1065 712 1069 720; x_wconf 82' lang='grc'><strong>’</strong></span> <span class='ocrx_word' id='word_1_17' title='bbox 1120 654 1124 667; x_wconf 35' lang='grc' dir='ltr'>Ι</span> 
     </span>
    </p>
   </div>
   <div class='ocr_carea' id='block_1_4' title="bbox 38 851 1065 2079">
    <p class='ocr_par' dir='ltr' id='par_1_4' title="bbox 55 851 1024 1143">
     <span class='ocr_line' id='line_1_5' title="bbox 119 851 1021 938; baseline 0.011 -22"><span class='ocrx_word' id='word_1_18' title='bbox 119 888 122 895; x_wconf 87' lang='grc'><em>·</em></span> <span class='ocrx_word' id='word_1_19' title='bbox 167 851 316 936; x_wconf 77' lang='lat' dir='ltr'>synopsi</span> <span class='ocrx_word' id='word_1_20' title='bbox 335 851 511 936; x_wconf 87' lang='lat' dir='ltr'>jam·typis</span> <span class='ocrx_word' id='word_1_21' title='bbox 530 851 692 936; x_wconf 85' lang='lat' dir='ltr'>impressa</span> <span class='ocrx_word' id='word_1_22' title='bbox 714 854 862 938; x_wconf 86' lang='lat' dir='ltr'>speciem</span> <span class='ocrx_word' id='word_1_23' title='bbox 884 859 1021 926; x_wconf 87' lang='lat' dir='ltr'>hancin</span> 
     </span>
     <span class='ocr_line' id='line_1_6' title="bbox 56 955 1024 1035; baseline 0.009 -16"><span class='ocrx_word' id='word_1_24' title='bbox 56 955 266 1021; x_wconf 80' lang='lat' dir='ltr'>merenterio</span> <span class='ocrx_word' id='word_1_25' title='bbox 288 958 413 1018; x_wconf 79' lang='lat' dir='ltr'><em>Simiae</em></span> <span class='ocrx_word' id='word_1_26' title='bbox 434 959 616 1020; x_wconf 78' lang='lat' dir='ltr'>Mcc&#39;monis</span> <span class='ocrx_word' id='word_1_27' title='bbox 637 957 816 1035; x_wconf 76' lang='lat' dir='ltr'>ianuario,</span> <span class='ocrx_word' id='word_1_28' title='bbox 837 970 873 1025; x_wconf 77' lang='lat' dir='ltr'>et</span> <span class='ocrx_word' id='word_1_29' title='bbox 892 963 1024 1027; x_wconf 82' lang='lat' dir='ltr'>&#39;Febru-</span> 
     </span>
     <span class='ocr_line' id='line_1_7' title="bbox 55 1056 851 1143; baseline 0.006 -22"><span class='ocrx_word' id='word_1_30' title='bbox 55 1056 131 1129; x_wconf 84' lang='lat' dir='ltr'>ario</span> <span class='ocrx_word' id='word_1_31' title='bbox 154 1056 193 1121; x_wconf 91' lang='lat' dir='ltr'>in</span> <span class='ocrx_word' id='word_1_32' title='bbox 215 1057 397 1122; x_wconf 86' lang='lat' dir='ltr'><strong>abdomine</strong></span> <span class='ocrx_word' id='word_1_33' title='bbox 418 1058 543 1121; x_wconf 79' lang='lat' dir='ltr'>Simiae</span> <span class='ocrx_word' id='word_1_34' title='bbox 563 1058 851 1143; x_wconf 74' lang='lat' dir='ltr'>Aygnlae&#39;aeperi.</span> 
     </span>
    </p>

    <p class='ocr_par' dir='ltr' id='par_1_5' title="bbox 56 1174 1065 1676">
     <span class='ocr_line' id='line_1_8' title="bbox 120 1174 1065 1262; baseline 0.008 -22"><span class='ocrx_word' id='word_1_35' title='bbox 120 1180 126 1199; x_wconf 87' lang='lat'><strong><em>¹</em></strong></span> <span class='ocrx_word' id='word_1_36' title='bbox 167 1175 347 1259; x_wconf 80' lang='lat' dir='ltr'>specimen</span> <span class='ocrx_word' id='word_1_37' title='bbox 381 1174 418 1236; x_wconf 92' lang='lat' dir='ltr'>in</span> <span class='ocrx_word' id='word_1_38' title='bbox 455 1176 624 1239; x_wconf 79' lang='lat' dir='ltr'>Maimonc</span> <span class='ocrx_word' id='word_1_39' title='bbox 656 1194 856 1257; x_wconf 85' lang='lat' dir='ltr'>occurrens,</span> <span class='ocrx_word' id='word_1_40' title='bbox 889 1180 1024 1262; x_wconf 62' lang='lat' dir='ltr'>vivona·</span> <span class='ocrx_word' id='word_1_41' title='bbox 1061 1192 1065 1199; x_wconf 83' lang='lat'>&#39;</span> 
     </span>
     <span class='ocr_line' id='line_1_9' title="bbox 56 1274 1025 1363; baseline 0.007 -20"><span class='ocrx_word' id='word_1_42' title='bbox 56 1274 176 1344; x_wconf 83' lang='lat' dir='ltr'>vesica</span> <span class='ocrx_word' id='word_1_43' title='bbox 203 1291 343 1342; x_wconf 86' lang='lat' dir='ltr'>externa</span> <span class='ocrx_word' id='word_1_44' title='bbox 372 1276 514 1358; x_wconf 84' lang='lat' dir='ltr'>globosa</span> <span class='ocrx_word' id='word_1_45' title='bbox 549 1274 731 1363; x_wconf 85' lang='lat' dir='ltr'>liberatum</span> <span class='ocrx_word' id='word_1_46' title='bbox 745 1292 801 1359; x_wconf 52' lang='grc' dir='ltr'>ἐἰΙ</span> <span class='ocrx_word' id='word_1_47' title='bbox 818 1283 943 1363; x_wconf 77' lang='lat' dir='ltr'>calidae</span> <span class='ocrx_word' id='word_1_48' title='bbox 965 1288 1025 1359; x_wconf 51' lang='lat' dir='ltr'>im,</span> 
     </span>
     <span class='ocr_line' id='line_1_10' title="bbox 59 1370 1024 1464; baseline 0.006 -19"><span class='ocrx_word' id='word_1_49' title='bbox 59 1381 214 1456; x_wconf 80' lang='lat' dir='ltr'>missum,</span> <span class='ocrx_word' id='word_1_50' title='bbox 240 1393 356 1442; x_wconf 87' lang='lat' dir='ltr'>motus</span> <span class='ocrx_word' id='word_1_51' title='bbox 378 1377 537 1460; x_wconf 80' lang='lat' dir='ltr'>vulgares</span> <span class='ocrx_word' id='word_1_52' title='bbox 561 1372 676 1454; x_wconf 83' lang='lat' dir='ltr'><strong>edidit,</strong></span> <span class='ocrx_word' id='word_1_53' title='bbox 700 1393 763 1443; x_wconf 88' lang='lat' dir='ltr'>tres</span> <span class='ocrx_word' id='word_1_54' title='bbox 785 1370 928 1464; x_wconf 84' lang='lat' dir='ltr'>pollices</span> <span class='ocrx_word' id='word_1_55' title='bbox 949 1382 1024 1451; x_wconf 90' lang='lat' dir='ltr'>lon·</span> 
     </span>
     <span class='ocr_line' id='line_1_11' title="bbox 61 1478 1024 1571; baseline 0.009 -25"><span class='ocrx_word' id='word_1_56' title='bbox 61 1502 168 1567; x_wconf 87' lang='lat' dir='ltr'>gum,</span> <span class='ocrx_word' id='word_1_57' title='bbox 189 1486 302 1547; x_wconf 80' lang='lat' dir='ltr'>vesica</span> <span class='ocrx_word' id='word_1_58' title='bbox 324 1479 459 1542; x_wconf 66' lang='lat' dir='ltr'>caudet!</span> <span class='ocrx_word' id='word_1_59' title='bbox 493 1478 641 1561; x_wconf 76' lang='lat' dir='ltr'>collapsa</span> <span class='ocrx_word' id='word_1_60' title='bbox 668 1480 738 1544; x_wconf 83' lang='lat' dir='ltr'>basi</span> <span class='ocrx_word' id='word_1_61' title='bbox 764 1479 850 1548; x_wconf 81' lang='lat' dir='ltr'>duos</span> <span class='ocrx_word' id='word_1_62' title='bbox 880 1489 1024 1571; x_wconf 84' lang='lat' dir='ltr'>pollices</span> 
     </span>
     <span class='ocr_line' id='line_1_12' title="bbox 58 1579 1027 1676; baseline 0.019 -33"><span class='ocrx_word' id='word_1_63' title='bbox 58 1586 140 1653; x_wconf 78' lang='lat' dir='ltr'>lata.</span> <span class='ocrx_word' id='word_1_64' title='bbox 185 1582 326 1666; x_wconf 84' lang='lat' dir='ltr'>Corpus,</span> <span class='ocrx_word' id='word_1_65' title='bbox 358 1579 433 1645; x_wconf 86' lang='lat' dir='ltr'>sive</span> <span class='ocrx_word' id='word_1_66' title='bbox 456 1600 531 1663; x_wconf 85' lang='lat' dir='ltr'>pars</span> <span class='ocrx_word' id='word_1_67' title='bbox 552 1598 690 1664; x_wconf 86' lang='lat' dir='ltr'>rugosa,</span> <span class='ocrx_word' id='word_1_68' title='bbox 723 1590 878 1671; x_wconf 78' lang='lat' dir='ltr'>angusta,</span> <span class='ocrx_word' id='word_1_69' title='bbox 897 1586 1027 1676; x_wconf 66' lang='grc' dir='ltr'>ιιιιιιιῐὲ,Ι</span> 
     </span>
    </p>

    <p class='ocr_par' dir='ltr' id='par_1_6' title="bbox 38 1681 1062 2079">
     <span class='ocr_line' id='line_1_13' title="bbox 38 1681 1026 1783; baseline 0.009 -32"><span class='ocrx_word' id='word_1_70' title='bbox 38 1700 209 1772; x_wconf 63' lang='lat' dir='ltr'>quatuor</span> <span class='ocrx_word' id='word_1_71' title='bbox 238 1696 367 1750; x_wconf 91' lang='lat' dir='ltr'>tantum</span> <span class='ocrx_word' id='word_1_72' title='bbox 395 1681 512 1745; x_wconf 82' lang='lat' dir='ltr'>lineas</span> <span class='ocrx_word' id='word_1_73' title='bbox 531 1685 689 1767; x_wconf 86' lang='lat' dir='ltr'>longum.</span> <span class='ocrx_word' id='word_1_74' title='bbox 736 1685 849 1771; x_wconf 77' lang='lat' dir='ltr'>Caput</span> <span class='ocrx_word' id='word_1_75' title='bbox 886 1694 1026 1783; x_wconf 78' lang='lat' dir='ltr'>tetragp·</span> 
     </span>
     <span class='ocr_line' id='line_1_14' title="bbox 60 1785 1023 1880; baseline 0.008 -24"><span class='ocrx_word' id='word_1_76' title='bbox 60 1812 150 1857; x_wconf 86' lang='lat' dir='ltr'>num</span> <span class='ocrx_word' id='word_1_77' title='bbox 172 1788 297 1854; x_wconf 83' lang='lat' dir='ltr'>osculis</span> <span class='ocrx_word' id='word_1_78' title='bbox 321 1799 355 1850; x_wconf 86' lang='lat' dir='ltr'>et</span> <span class='ocrx_word' id='word_1_79' title='bbox 376 1785 518 1850; x_wconf 82' lang='lat' dir='ltr'>rostello</span> <span class='ocrx_word' id='word_1_80' title='bbox 537 1787 674 1867; x_wconf 82' lang='lat' dir='ltr'>vulgari</span> <span class='ocrx_word' id='word_1_81' title='bbox 696 1791 800 1854; x_wconf 89' lang='lat' dir='ltr'>modo</span> <span class='ocrx_word' id='word_1_82' title='bbox 825 1796 1023 1880; x_wconf 73' lang='lat' dir='ltr'>comparatis</span> 
     </span>
     <span class='ocr_line' id='line_1_15' title="bbox 59 1878 1062 1979; baseline 0.013 -26"><span class='ocrx_word' id='word_1_83' title='bbox 59 1878 316 1977; x_wconf 76' lang='lat' dir='ltr'>nigricantihus.</span> <span class='ocrx_word' id='word_1_84' title='bbox 363 1886 490 1953; x_wconf 81' lang='lat' dir='ltr'>Collum</span> <span class='ocrx_word' id='word_1_85' title='bbox 517 1887 775 1977; x_wconf 80' lang='lat' dir='ltr'>brevissimum,</span> <span class='ocrx_word' id='word_1_86' title='bbox 812 1912 928 1979; x_wconf 90' lang='lat' dir='ltr'>neque</span> <span class='ocrx_word' id='word_1_87' title='bbox 957 1913 1027 1965; x_wconf 87' lang='lat' dir='ltr'>tan</span> <span class='ocrx_word' id='word_1_88' title='bbox 1058 1970 1062 1977; x_wconf 66' lang='grc'><em>,</em></span> 
     </span>
     <span class='ocr_line' id='line_1_16' title="bbox 59 1986 935 2079; baseline -0.001 -20"><span class='ocrx_word' id='word_1_89' title='bbox 59 2008 120 2059; x_wconf 76' lang='lat' dir='ltr'>tae</span> <span class='ocrx_word' id='word_1_90' title='bbox 135 1991 313 2074; x_wconf 81' lang='lat' dir='ltr'>tenuitatis</span> <span class='ocrx_word' id='word_1_91' title='bbox 337 2013 375 2054; x_wconf 89' lang='lat' dir='ltr'>ao</span> <span class='ocrx_word' id='word_1_92' title='bbox 395 1990 432 2079; x_wconf 82' lang='lat' dir='ltr'>irJ</span> <span class='ocrx_word' id='word_1_93' title='bbox 455 1986 646 2073; x_wconf 84' lang='lat' dir='ltr'>Gy&#39;sticerco</span> <span class='ocrx_word' id='word_1_94' title='bbox 666 1990 829 2069; x_wconf 81' lang='lat' dir='ltr'>vitulino.</span> <span class='ocrx_word' id='word_1_95' title='bbox 932 1996 935 2001; x_wconf 86' lang='grc'><strong>’</strong></span> 
     </span>
    </p>
   </div>
   <div class='ocr_carea' id='block_1_5' title="bbox 62 2108 1028 2500">
    <p class='ocr_par' dir='ltr' id='par_1_7' title="bbox 62 2108 1027 2500">
     <span class='ocr_line' id='line_1_17' title="bbox 174 2108 1026 2215; baseline 0.004 -39"><span class='ocrx_word' id='word_1_96' title='bbox 174 2110 384 2196; x_wconf 82' lang='lat' dir='ltr'>Specimen&#39;</span> <span class='ocrx_word' id='word_1_97' title='bbox 373 2130 411 2172; x_wconf 81' lang='lat' dir='ltr'>an</span> <span class='ocrx_word' id='word_1_98' title='bbox 431 2108 559 2195; x_wconf 74' lang='lat' dir='ltr'>Aygula</span> <span class='ocrx_word' id='word_1_99' title='bbox 589 2109 732 2171; x_wconf 90' lang='lat' dir='ltr'>obvium</span> <span class='ocrx_word' id='word_1_100' title='bbox 755 2110 812 2176; x_wconf 85' lang='lat' dir='ltr'>vix</span> <span class='ocrx_word' id='word_1_101' title='bbox 837 2112 1026 2215; x_wconf 76' lang='lat' dir='ltr'>sesquipol</span> 
     </span>
     <span class='ocr_line' id='line_1_18' title="bbox 63 2198 1027 2297; baseline 0.005 -16"><span class='ocrx_word' id='word_1_102' title='bbox 63 2198 190 2291; x_wconf 79' lang='lat' dir='ltr'>licere,</span> <span class='ocrx_word' id='word_1_103' title='bbox 223 2212 337 2280; x_wconf 84' lang='lat' dir='ltr'>vesica</span> <span class='ocrx_word' id='word_1_104' title='bbox 371 2208 502 2274; x_wconf 79' lang='lat' dir='ltr'>caudali</span> <span class='ocrx_word' id='word_1_105' title='bbox 535 2207 668 2293; x_wconf 83' lang='lat' dir='ltr'>turgida</span> <span class='ocrx_word' id='word_1_106' title='bbox 704 2225 798 2276; x_wconf 88' lang='lat' dir='ltr'>octo</span> <span class='ocrx_word' id='word_1_107' title='bbox 801 2213 921 2283; x_wconf 71' lang='lat' dir='ltr'>&#39;lineat</span> <span class='ocrx_word' id='word_1_108' title='bbox 948 2202 1027 2297; x_wconf 64' lang='lat' dir='ltr'>latii.</span> 
     </span>
     <span class='ocr_line' id='line_1_19' title="bbox 62 2307 1028 2399; baseline 0.012 -19"><span class='ocrx_word' id='word_1_109' title='bbox 62 2316 215 2399; x_wconf 77' lang='lat' dir='ltr'>Reliqua</span> <span class='ocrx_word' id='word_1_110' title='bbox 236 2332 350 2380; x_wconf 84' lang='lat' dir='ltr'>exacte</span> <span class='ocrx_word' id='word_1_111' title='bbox 371 2308 510 2396; x_wconf 84' lang='lat' dir='ltr'>prioris,</span> <span class='ocrx_word' id='word_1_112' title='bbox 533 2307 634 2374; x_wconf 83' lang='lat' dir='ltr'>etiam</span> <span class='ocrx_word' id='word_1_113' title='bbox 659 2316 805 2379; x_wconf 83' lang='lat' dir='ltr'>coronae</span> <span class='ocrx_word' id='word_1_114' title='bbox 832 2318 866 2384; x_wconf 86' lang='lat' dir='ltr'>e&#39;t</span> <span class='ocrx_word' id='word_1_115' title='bbox 894 2326 1028 2393; x_wconf 86' lang='lat' dir='ltr'>osculo</span> 
     </span>
     <span class='ocr_line' id='line_1_20' title="bbox 65 2415 465 2500; baseline -0.018 -16"><span class='ocrx_word' id='word_1_116' title='bbox 65 2426 151 2484; x_wconf 66' lang='lat' dir='ltr'>rum</span> <span class='ocrx_word' id='word_1_117' title='bbox 172 2421 268 2482; x_wconf 90' lang='lat' dir='ltr'>color</span> <span class='ocrx_word' id='word_1_118' title='bbox 288 2415 465 2500; x_wconf 77' lang='lat' dir='ltr'>nigricans.</span> 
     </span>
    </p>
   </div>
   <div class='ocr_carea' id='block_1_6' title="bbox 8 2529 1069 4063">
    <p class='ocr_par' dir='ltr' id='par_1_8' title="bbox 66 2529 1069 3551">
     <span class='ocr_line' id='line_1_21' title="bbox 109 2529 1031 2631; baseline 0 -29"><span class='ocrx_word' id='word_1_119' title='bbox 109 2620 111 2625; x_wconf 68' lang='lat'>,</span> <span class='ocrx_word' id='word_1_120' title='bbox 178 2536 290 2602; x_wconf 89' lang='lat' dir='ltr'>Aliud</span> <span class='ocrx_word' id='word_1_121' title='bbox 313 2538 465 2600; x_wconf 91' lang='lat' dir='ltr'>oblatum</span> <span class='ocrx_word' id='word_1_122' title='bbox 487 2545 536 2596; x_wconf 88' lang='lat' dir='ltr'>est</span> <span class='ocrx_word' id='word_1_123' title='bbox 558 2529 596 2596; x_wconf 92' lang='lat' dir='ltr'>in</span> <span class='ocrx_word' id='word_1_124' title='bbox 617 2532 740 2597; x_wconf 78' lang='lat' dir='ltr'><em>Simiae</em></span> <span class='ocrx_word' id='word_1_125' title='bbox 768 2530 959 2631; x_wconf 80' lang='lat' dir='ltr'>cujusdam</span> <span class='ocrx_word' id='word_1_126' title='bbox 963 2566 1031 2614; x_wconf 60' lang='lat' dir='ltr'>mea</span> 
     </span>
     <span class='ocr_line' id='line_1_22' title="bbox 66 2633 1032 2724; baseline 0.002 -17"><span class='ocrx_word' id='word_1_127' title='bbox 66 2640 218 2707; x_wconf 86' lang='lat' dir='ltr'>senterio</span> <span class='ocrx_word' id='word_1_128' title='bbox 243 2652 431 2724; x_wconf 84' lang='lat' dir='ltr'>repertum,</span> <span class='ocrx_word' id='word_1_129' title='bbox 463 2647 597 2720; x_wconf 86' lang='lat' dir='ltr'>praeter</span> <span class='ocrx_word' id='word_1_130' title='bbox 618 2633 822 2717; x_wconf 85' lang='lat' dir='ltr'>opinionem</span> <span class='ocrx_word' id='word_1_131' title='bbox 846 2642 1032 2720; x_wconf 76' lang='lat' dir='ltr'>curiosum.-</span> 
     </span>
     <span class='ocr_line' id='line_1_23' title="bbox 67 2736 1032 2837; baseline 0.002 -30"><span class='ocrx_word' id='word_1_132' title='bbox 67 2744 169 2807; x_wconf 92' lang='lat' dir='ltr'>Dum</span> <span class='ocrx_word' id='word_1_133' title='bbox 192 2742 285 2807; x_wconf 88' lang='lat' dir='ltr'>enirn</span> <span class='ocrx_word' id='word_1_134' title='bbox 305 2746 449 2808; x_wconf 85' lang='lat' dir='ltr'>vesicam</span> <span class='ocrx_word' id='word_1_135' title='bbox 474 2736 649 2803; x_wconf 81' lang='lat' dir='ltr'>externam</span> <span class='ocrx_word' id='word_1_136' title='bbox 673 2741 786 2823; x_wconf 84' lang='lat' dir='ltr'>aperio</span> <span class='ocrx_word' id='word_1_137' title='bbox 810 2756 844 2804; x_wconf 90' lang='lat' dir='ltr'>et</span> <span class='ocrx_word' id='word_1_138' title='bbox 866 2745 1032 2837; x_wconf 77' lang='lat' dir='ltr'>Cysticer</span> 
     </span>
     <span class='ocr_line' id='line_1_24' title="bbox 69 2820 1033 2927; baseline 0 -17"><span class='ocrx_word' id='word_1_139' title='bbox 69 2840 166 2910; x_wconf 81' lang='lat' dir='ltr'>cum</span> <span class='ocrx_word' id='word_1_140' title='bbox 174 2846 331 2924; x_wconf 84' lang='lat' dir='ltr'>extraho,</span> <span class='ocrx_word' id='word_1_141' title='bbox 358 2838 458 2927; x_wconf 82' lang='lat' dir='ltr'>h&#39;ujus</span> <span class='ocrx_word' id='word_1_142' title='bbox 482 2834 645 2924; x_wconf 87' lang='lat' dir='ltr'>cystidem</span> <span class='ocrx_word' id='word_1_143' title='bbox 666 2841 841 2912; x_wconf 84' lang='lat' dir='ltr'>caudalem</span> <span class='ocrx_word' id='word_1_144' title='bbox 863 2847 966 2915; x_wconf 85' lang='lat' dir='ltr'>valde</span> <span class='ocrx_word' id='word_1_145' title='bbox 977 2820 1033 2918; x_wconf 72' lang='lat' dir='ltr'>ia</span> 
     </span>
     <span class='ocr_line' id='line_1_25' title="bbox 70 2934 1033 3031; baseline -0.003 -18"><span class='ocrx_word' id='word_1_146' title='bbox 70 2963 143 3013; x_wconf 84' lang='lat' dir='ltr'>tarn</span> <span class='ocrx_word' id='word_1_147' title='bbox 164 2946 287 3027; x_wconf 86' lang='lat' dir='ltr'>miror,</span> <span class='ocrx_word' id='word_1_148' title='bbox 311 2949 371 3011; x_wconf 85' lang='lat' dir='ltr'>sed</span> <span class='ocrx_word' id='word_1_149' title='bbox 394 2970 431 3011; x_wconf 89' lang='lat' dir='ltr'>re</span> <span class='ocrx_word' id='word_1_150' title='bbox 450 2934 608 3031; x_wconf 86' lang='lat' dir='ltr'>attentius</span> <span class='ocrx_word' id='word_1_151' title='bbox 630 2939 794 3024; x_wconf 89' lang='lat' dir='ltr'>inspecta,</span> <span class='ocrx_word' id='word_1_152' title='bbox 823 2942 921 3011; x_wconf 92' lang='lat' dir='ltr'>illum</span> <span class='ocrx_word' id='word_1_153' title='bbox 949 2950 1033 3023; x_wconf 59' lang='lat' dir='ltr'>biae.</span> 
     </span>
     <span class='ocr_line' id='line_1_26' title="bbox 68 3042 1035 3157; baseline -0.003 -41"><span class='ocrx_word' id='word_1_154' title='bbox 68 3054 176 3139; x_wconf 67' lang='lat' dir='ltr'>picem</span> <span class='ocrx_word' id='word_1_155' title='bbox 211 3049 366 3127; x_wconf 88' lang='lat' dir='ltr'>invenio,</span> <span class='ocrx_word' id='word_1_156' title='bbox 401 3048 539 3132; x_wconf 88' lang='lat' dir='ltr'>qualem</span> <span class='ocrx_word' id='word_1_157' title='bbox 568 3042 682 3111; x_wconf 86' lang='lat' dir='ltr'>Tab.</span> <span class='ocrx_word' id='word_1_158' title='bbox 687 3059 718 3133; x_wconf 73' lang='lat'>3.</span> <span class='ocrx_word' id='word_1_159' title='bbox 749 3044 822 3129; x_wconf 84' lang='lat' dir='ltr'>Fig.</span> <span class='ocrx_word' id='word_1_160' title='bbox 859 3061 908 3157; x_wconf 84' lang='lat'>18.</span> <span class='ocrx_word' id='word_1_161' title='bbox 938 3056 1035 3135; x_wconf 66' lang='lat' dir='ltr'>sistit,</span> 
     </span>
     <span class='ocr_line' id='line_1_27' title="bbox 68 3122 1069 3266; baseline 0 -48"><span class='ocrx_word' id='word_1_162' title='bbox 68 3150 246 3233; x_wconf 84' lang='lat' dir='ltr'>Utrinque</span> <span class='ocrx_word' id='word_1_163' title='bbox 266 3148 394 3217; x_wconf 90' lang='lat' dir='ltr'>scilicet</span> <span class='ocrx_word' id='word_1_164' title='bbox 416 3168 536 3233; x_wconf 83' lang='lat' dir='ltr'>corpus</span> <span class='ocrx_word' id='word_1_165' title='bbox 566 3144 771 3266; x_wconf 84' lang='lat' dir='ltr'>conspicitur</span> <span class='ocrx_word' id='word_1_166' title='bbox 803 3122 978 3247; x_wconf 73' lang='lat' dir='ltr'>mg&#39;oium</span> <span class='ocrx_word' id='word_1_167' title='bbox 994 3160 1034 3223; x_wconf 86' lang='lat' dir='ltr'>in</span> <span class='ocrx_word' id='word_1_168' title='bbox 1066 3151 1069 3157; x_wconf 81' lang='grc'><strong>’</strong></span> 
     </span>
     <span class='ocr_line' id='line_1_28' title="bbox 66 3232 1035 3376; baseline 0.002 -56.01"><span class='ocrx_word' id='word_1_169' title='bbox 66 3251 225 3320; x_wconf 83' lang='lat' dir='ltr'>vesicam</span> <span class='ocrx_word' id='word_1_170' title='bbox 247 3252 379 3335; x_wconf 86' lang='lat' dir='ltr'>abiens,</span> <span class='ocrx_word' id='word_1_171' title='bbox 402 3268 439 3317; x_wconf 93' lang='lat' dir='ltr'>ut</span> <span class='ocrx_word' id='word_1_172' title='bbox 461 3251 562 3334; x_wconf 81' lang='lat' dir='ltr'>huJ‘us</span> <span class='ocrx_word' id='word_1_173' title='bbox 584 3273 636 3315; x_wconf 83' lang='lat' dir='ltr'>rer</span> <span class='ocrx_word' id='word_1_174' title='bbox 624 3242 793 3313; x_wconf 86' lang='lat' dir='ltr'>nullum</span> <span class='ocrx_word' id='word_1_175' title='bbox 814 3248 857 3315; x_wconf 82' lang='lat' dir='ltr'>sit</span> <span class='ocrx_word' id='word_1_176' title='bbox 880 3232 1035 3376; x_wconf 75' lang='lat' dir='ltr'>dhbiutn,</span> 
     </span>
     <span class='ocr_line' id='line_1_29' title="bbox 71 3348 1036 3440; baseline 0.006 -18"><span class='ocrx_word' id='word_1_177' title='bbox 71 3357 153 3423; x_wconf 85' lang='lat' dir='ltr'>licet</span> <span class='ocrx_word' id='word_1_178' title='bbox 174 3355 278 3440; x_wconf 87' lang='lat' dir='ltr'>capita</span> <span class='ocrx_word' id='word_1_179' title='bbox 301 3355 338 3418; x_wconf 89' lang='lat' dir='ltr'>in</span> <span class='ocrx_word' id='word_1_180' title='bbox 358 3348 542 3439; x_wconf 87' lang='lat' dir='ltr'>specimine</span> <span class='ocrx_word' id='word_1_181' title='bbox 573 3351 700 3417; x_wconf 85' lang='lat' dir='ltr'>diutius</span> <span class='ocrx_word' id='word_1_182' title='bbox 726 3350 845 3437; x_wconf 85' lang='lat' dir='ltr'>spiritu</span> <span class='ocrx_word' id='word_1_183' title='bbox 873 3357 949 3425; x_wconf 72' lang='lat' dir='ltr'>vini</span> <span class='ocrx_word' id='word_1_184' title='bbox 970 3383 1036 3431; x_wconf 87' lang='lat' dir='ltr'>ser</span> 
     </span>
     <span class='ocr_line' id='line_1_30' title="bbox 70 3454 914 3551; baseline -0.009 -27"><span class='ocrx_word' id='word_1_185' title='bbox 70 3474 156 3535; x_wconf 62' lang='lat' dir='ltr'>,vato</span> <span class='ocrx_word' id='word_1_186' title='bbox 180 3456 340 3551; x_wconf 78' lang='lat' dir='ltr'>extricare</span> <span class='ocrx_word' id='word_1_187' title='bbox 362 3478 434 3520; x_wconf 90' lang='lat' dir='ltr'>non</span> <span class='ocrx_word' id='word_1_188' title='bbox 458 3454 648 3539; x_wconf 83' lang='lat' dir='ltr'>contigerit.</span> <span class='ocrx_word' id='word_1_189' title='bbox 909 3518 914 3525; x_wconf 70' lang='grc'><strong>,</strong></span> 
     </span>
    </p>

    <p class='ocr_par' dir='ltr' id='par_1_9' title="bbox 8 3540 1044 4063">
     <span class='ocr_line' id='line_1_31' title="bbox 177 3540 1039 3665; baseline -0.002 -20"><span class='ocrx_word' id='word_1_190' title='bbox 177 3581 228 3645; x_wconf 74' lang='lat' dir='ltr'>‚In</span> <span class='ocrx_word' id='word_1_191' title='bbox 248 3578 376 3643; x_wconf 89' lang='lat' dir='ltr'>Museo</span> <span class='ocrx_word' id='word_1_192' title='bbox 399 3566 598 3665; x_wconf 81' lang='lat' dir='ltr'>Viennensi</span> <span class='ocrx_word' id='word_1_193' title='bbox 620 3573 792 3658; x_wconf 84' lang='lat' dir='ltr'>specimen</span> <span class='ocrx_word' id='word_1_194' title='bbox 815 3540 1039 3661; x_wconf 57' lang='lat' dir='ltr'>serviuntur</span> 
     </span>
     <span class='ocr_line' id='line_1_32' title="bbox 57 3668 1041 3775; baseline 0.004 -28"><span class='ocrx_word' id='word_1_195' title='bbox 57 3698 128 3775; x_wconf 32' lang='lat' dir='ltr'>,ter</span> <span class='ocrx_word' id='word_1_196' title='bbox 151 3682 369 3767; x_wconf 85' lang='lat' dir='ltr'>diaphragma</span> <span class='ocrx_word' id='word_1_197' title='bbox 391 3695 426 3747; x_wconf 88' lang='lat' dir='ltr'>et</span> <span class='ocrx_word' id='word_1_198' title='bbox 438 3681 543 3769; x_wconf 84' lang='lat' dir='ltr'>hepar</span> <span class='ocrx_word' id='word_1_199' title='bbox 557 3682 682 3746; x_wconf 78' lang='lat' dir='ltr'>Simiae</span> <span class='ocrx_word' id='word_1_200' title='bbox 695 3680 841 3744; x_wconf 77' lang='lat' dir='ltr'>Sabaeae</span> <span class='ocrx_word' id='word_1_201' title='bbox 854 3668 1041 3771; x_wconf 58' lang='lat' dir='ltr'>repertumJ</span> 
     </span>
     <span class='ocr_line' id='line_1_33' title="bbox 60 3782 1042 3874; baseline -0.003 -21"><span class='ocrx_word' id='word_1_202' title='bbox 60 3786 174 3871; x_wconf 89' lang='lat' dir='ltr'>.qu0d</span> <span class='ocrx_word' id='word_1_203' title='bbox 195 3786 269 3850; x_wconf 81' lang='lat' dir='ltr'>fere</span> <span class='ocrx_word' id='word_1_204' title='bbox 291 3783 409 3868; x_wconf 88' lang='lat' dir='ltr'>triceps</span> <span class='ocrx_word' id='word_1_205' title='bbox 430 3782 579 3860; x_wconf 86' lang='lat' dir='ltr'>videtur,</span> <span class='ocrx_word' id='word_1_206' title='bbox 603 3784 664 3848; x_wconf 87' lang='lat' dir='ltr'>sed</span> <span class='ocrx_word' id='word_1_207' title='bbox 684 3801 760 3866; x_wconf 88' lang='lat' dir='ltr'>pars</span> <span class='ocrx_word' id='word_1_208' title='bbox 790 3784 896 3868; x_wconf 85' lang='lat' dir='ltr'>magis</span> <span class='ocrx_word' id='word_1_209' title='bbox 918 3795 1042 3874; x_wconf 83' lang='lat' dir='ltr'>produ.</span> 
     </span>
     <span class='ocr_line' id='line_1_34' title="bbox 8 3874 1044 3987; baseline 0.001 -34"><span class='ocrx_word' id='word_1_210' title='bbox 8 3940 12 3969; x_wconf 39' lang='grc' dir='ltr'><strong>ἱ</strong></span> <span class='ocrx_word' id='word_1_211' title='bbox 74 3902 142 3971; x_wconf 78' lang='lat' dir='ltr'>eta,</span> <span class='ocrx_word' id='word_1_212' title='bbox 158 3905 283 3977; x_wconf 77' lang='lat' dir='ltr'>corpus</span> <span class='ocrx_word' id='word_1_213' title='bbox 299 3885 487 3955; x_wconf 64' lang='lat' dir='ltr'>maximum</span> <span class='ocrx_word' id='word_1_214' title='bbox 506 3874 697 3987; x_wconf 63' lang='lat' dir='ltr'>mentiens,</span> <span class='ocrx_word' id='word_1_215' title='bbox 727 3885 885 3957; x_wconf 83' lang='lat' dir='ltr'>indurata</span> <span class='ocrx_word' id='word_1_216' title='bbox 904 3876 1044 3969; x_wconf 58' lang='lat' dir='ltr'>eticae.</span> 
     </span>
     <span class='ocr_line' id='line_1_35' title="bbox 18 3988 806 4063; baseline 0.004 -3"><span class='ocrx_word' id='word_1_217' title='bbox 18 4010 23 4015; x_wconf 89' lang='lat'><em>·</em></span> <span class='ocrx_word' id='word_1_218' title='bbox 713 3988 806 4063; x_wconf 78' lang='lat' dir='ltr'>Man</span> 
     </span>
    </p>
   </div>
   <div class='ocr_carea' id='block_1_7' title="bbox 0 0 1252 4478">
    <p class='ocr_par' dir='ltr' id='par_1_10' title="bbox 0 0 1252 4478">
     <span class='ocr_line' id='line_1_36' title="bbox 0 0 1252 4478; baseline 0 0"><span class='ocrx_word' id='word_1_219' title='bbox 0 0 1252 4478; x_wconf 95' lang='lat' dir='ltr'> </span> 
     </span>
    </p>
   </div>
  </div>
 </body>
</html>
