2452 4478
494 239 776 324 ...466-

200 428 204 433 ’
233 452 250 461 -·
264 405 446 472 Minimum
469 405 562 487 quod
590 404 665 467 vidi
696 408 869 487 specimen
896 394 964 474 am
991 410 1106 472 cam

162 510 318 574 Berolini
339 498 581 581 dedit'ibidem
592 506 699 569 Junio
713 513 750 569 in
762 509 912 573 Gobione
923 531 988 575 ase
1005 533 1105 595 reper-

163 626 251 692 tum,
283 634 411 675 novem
433 610 539 673 lineas
561 612 715 692 longum,
738 606 816 672 hitto
838 615 1001 675 obtusum
1033 617 1105 678 line·

164 737 236 794 am,
264 712 359 776 illinc
382 713 626 774 acutiusculum
654 711 780 775 lineam
801 714 976 777 dimidiam
999 719 1104 790 latum,

161 817 266 880 latere
289 818 393 877 altero
419 813 524 896 ‘plano
553 811 733 894 albicante,
760 818 1028 882 convexiusculo
1056 842 1103 882 au·

161 936 230 985 tem
258 921 360 981 altero
389 909 421 978 et
442 916 630 977 flavicant'e.

223 1120 239 1127 ..
268 1055 365 1143 Quae
377 1048 422 1112 'iit
449 1048 596 1133 Cypriizo
611 1032 781 1115 Gibelio'n'e
799 1034 895 1117 iulio
914 1052 1033 1121 'mense
1049 1060 1104 1123 Be·

162 1162 265 1253 solini
297 1153 408 1236 reperi
448 1152 632 1232 specimina
667 1154 756 1234 duo,
789 1154 959 1222 abdomen
993 1162 1104 1242 partim

95 1255 100 1266 ’
164 1268 294 1349 egressa
316 1259 463 1318 luerunt.
511 1254 670 1316 Alterum
696 1257 854 1337 ejusdem
882 1262 985 1343 piscis
1011 1265 1104 1363 speci·

156 1374 244 1449 'men
266 1364 353 1425 du'os
370 1344 511 1439 pollices
534 1357 744 1439 totidemque
765 1360 871 1424 lineas
901 1361 1054 1450 longum,
1072 1355 1105 1432 ii·

161 1490 262 1535 neam
306 1464 348 1525 ad
386 1459 623 1541 sesquilineam
671 1463 800 1541 latum,
835 1464 948 1545 ‘primo
987 1464 1104 1535 intuitu

164 1568 288 1638 ovariis
310 1564 508 1627 instructum
532 1561 645 1623 vis'um
672 1578 736 1639 est,
760 1564 818 1626 sed
840 1568 1000 1635 examine
1019 1566 1105 1638 insti·

162 1690 235 1738 tuto
259 1666 317 1730 illa
336 1662 473 1747 ‘penitus
492 1662 608 1727 deesse
632 1660 929 1736 demonstrabatui.

154 1854 181 1863 ..
269 1783 313 1866 In
341 1799 467 1863 Museo
497 1798 693 1863 Viennensi
729 1799 914 1882 specimina
947 1805 986 1871 in
1011 1790 1107 1877 Pam

152 1911 364 1989 ¹‘Lacioporca
403 1915 437 1963 et
457 1895 647 1986 fluviatili,
666 1981 670 1987 ἡ
689 1903 798 1966 Siluro
829 1907 989 1986 Glanide,
1010 1915 1107 1979 Eam

156 2014 280 2089 hicio,
305 2006 464 2088 Cyprinis
480 2002 633 2079 Alburno,
657 2007 790 2083 Bruma,
808 2003 967 2075 Ca'rassio
989 2027 1025 2077 et
1045 2040 1108 2101 ary.

164 2108 411 2192 thropbchaln'co
450 2118 582 2184 reperta
607 2104 696 2182 vidi,
725 2107 914 2186 dequibus
944 2122 1108 2182 nonnulla

164 2215 290 2278 referre
304 2208 414 2270 liceat.

267 2327 386 2409 Esocis
404 2345 504 2405 Lucii
524 2341 646 2422 Ligula
667 2361 724 2403 sex
745 2341 886 2424 pollices
903 2347 1018 2433 longa,
1042 2357 1110 2419 alte.

164 2473 203 2514 ro
226 2465 377 2512 extremo
399 2446 472 2508 fere
494 2459 559 2507 tres
586 2445 709 2519 lineas,
739 2447 845 2506 altero
875 2447 936 2511 vix
965 2461 1110 2539 sesquili-

163 2574 264 2616 neam
289 2554 362 2623 lata,
385 2538 619 2620 maiuscula,
645 2547 758 2607 medio
788 2550 882 2628 quasi
907 2560 1061 2622 emollita
1081 2578 1110 2626 et

161 2651 379 2733 'absorptione
403 2663 586 2722 attenuata,
608 2662 750 2710 attamen
771 2653 894 2714 nullibi
919 2662 1109 2726 ovariomm

160 2753 345 2838 'vestigium
370 2753 533 2828 offerens,
565 2752 625 2813 sed
656 2763 762 2811 totum
786 2754 908 2818 animal
932 2780 1066 2849 praeter
1080 2766 1111 2828 11

157 2880 263 2923 neam
291 2842 576 2937 longitudinalem
600 2851 808 2935 insculptam
835 2857 924 2922 nibil
952 2858 1110 2930 memora-

162 2963 231 3025 bile'
251 2954 460 3021 monstravit.

273 3090 393 3158 Parcae
414 3092 633 3173 Luciopercae
650 3087 776 3176 'Ligula
804 3090 876 3154 fere
898 3094 1110 3184 bipollicaris‚

155 3188 377 3278 incompleta,
400 3209 574 3279 utramque
592 3190 710 3255 uersus
733 3192 978 3262 extremitatem
1002 3227 1111 3287 parum

164 3301 325 3380 emollita,
348 3308 497 3360 ceterum
521 3295 724 3372 duriuscula,
747 3294 858 3357 ubivis
882 3298 1040 3384 simplex,

161 3504 167 3513 Ι
210 3508 213 3515 ,
269 3439 391 3499 Parcae
401 3430 591 3521 fluviatilis
611 3429 736 3512 Ligula
763 3430 917 3514 quinque
940 3438 1112 3520 polliceris

159 3538 248 3599 ultra
272 3541 354 3600 duas
378 3535 482 3598 lineas
504 3536 579 3606 lata,
603 3535 707 3597 altero
731 3549 882 3598 extremo
905 3541 1056 3628 integro,
1076 3551 1113 3611 21.

160 3647 233 3697 tero
259 3637 447 3702 diffluente.
478 3639 576 3699 Illic
602 3636 675 3698 fere
706 3650 805 3715 caput
833 3638 955 3707 adesse
987 3649 1112 3722 dixeris,

162 3737 271 3815 apices
293 3743 384 3802 enim
408 3744 477 3805 duo
499 3752 578 3802 sunt
601 3737 695 3811 ovati
708 3736 816 3797 sibi
806 3739 965 3808 invicem
993 3772 1115 3838 appres

139 3834 190 3897 si
213 3839 272 3902 vel
295 3859 540 3930 convergentes
561 3842 599 3900 in
621 3836 715 3920 apice
734 3839 838 3921 partis
861 3845 1030 3933 integrae.
