2408 4478
208 426 340 489 foetum
373 419 601 484 convolutum
643 415 841 482 exhibentia
864 418 1018 497 'foveuts
1062 423 1175 505 quibus

210 523 379 594 evacuatis
403 524 470 586 albi
491 517 761 603 maculisnigris
784 524 906 585 crebris
930 527 1115 608 conspersi
1130 551 1175 611 ap·

210 644 344 717 parent,
390 621 638 714 cotyledonibus
666 621 797 686 scilicet
826 624 965 692 relictis.
1027 631 1174 696 Macula

147 725 150 731 ⁴
210 755 329 800 revera
354 728 576 810 cotyledones
599 742 673 787 esse
695 726 923 788 oviductuum
943 728 1089 795 habitus
1108 734 1174 797 ovis

211 831 444 923 praesentibus
467 830 518 890 rel
540 825 661 909 egestis
686 826 843 893 diversus
867 828 1105 909 demonstrat;
1144 840 1175 899 in

213 934 384 1006 evacuatis
424 931 522 994 etiarn
560 929 650 991 inter
673 931 893 1012 cotyledones
916 936 1035 998 nudas
1058 944 1194 1022 passim¹

214 1059 353 1124 quoque
377 1035 521 1096 ovulum
544 1030 681 1092 affixum
697 1046 850 1115 gerentes
866 1035 1073 1104 observavi.
1097 1042 1176 1107 Con·

213 1149 264 1211 fer
285 1137 433 1224 speciem
455 1134 706 1213 insequentem.

324 1242 407 1305 Obs.
452 1237 585 1318 Species
606 1235 689 1297 haec
708 1237 930 1320 praecedenti
951 1241 1085 1321 affinis,
1111 1247 1174 1311 sel

216 1338 321 1417 oauda
343 1342 477 1407 diversa
498 1337 613 1403 utitur.

267 1522 304 1600 7.
329 1503 460 1574 Filaria
487 1496 697 1569 abbreviata
723 1503 765 1569 R·
791 1525 828 1569 n.
853 1524 907 1595 sp.

324 1649 407 1714 Am.
441 1649 605 1709 Barnsra
642 1648 824 1724 specimina
847 1648 908 1710 tria
930 1670 1077 1715 mecum
1097 1672 1173 1716 com-

217 1752 405 1822 munioavit
444 1748 530 1813 circa
570 1747 710 1808 oculum
749 1752 947 1814 Motacc'lloe
982 1740 1175 1841 stapau’rras

218 1851 333 1943 Aprili
355 1872 477 1916 mense
499 1853 639 1930 reperta.

325 1959 483 2020 Entozoa
506 1967 581 2014 octo
603 1949 644 2010 ad
662 1938 796 2013 'novem
816 1953 922 2020 lineas
944 1959 1070 2045 longa,
1103 1980 1176 2025 cras

219 2065 376 2135 siuscula‚
398 2073 525 2129 tenera,
547 2051 662 2114 omnia
682 2051 841 2136 disrupta.
879 2057 1000 2149 Capite
1022 2064 1174 2129 tenuiore

221 2171 361 2237 obtus0,
405 2183 461 2224 ore
481 2143 673 2221 orbiculari.
719 2156 857 2241 Corpore
878 2162 1035 2244 aequali,
1082 2168 1175 2243 cauda

221 2266 415 2342 rotundata.

328 2370 525 2431 Intestinum
553 2364 694 2442 aequale
724 2384 767 2426 ex
792 2362 882 2427 flavo
905 2366 1060 2436 fuscum.
1107 2374 1179 2439 Ovi·

223 2477 341 2539 ductus
365 2471 469 2550 duplo
500 2464 651 2538 latiores,
695 2467 764 2529 fere
790 2466 942 2547 ejusdem
973 2494 1013 2534 ac
1049 2477 1179 2540 entozoi

223 2572 473 2658 amplitudinis,
505 2568 573 2630 albi
601 2566 684 2629 locis
712 2568 900 2632 innumeris
928 2575 1179 2644 obscurioribus

224 2672 545 2760 longitudinalibuS,
590 2669 713 2751 quibus
739 2693 806 2736 ova
828 2675 1015 2757 affiguntur
1046 2685 1179 2768 (cotyle-

225 2778 411 2855 donibus);
440 2774 520 2836 haec
544 2775 854 2858 oblongoelliptica‚
892 2780 1012 2843 medio
1032 2787 1180 2861 obscura,

223 2880 410 2964 marginem
431 2875 612 2958 pellucida.
649 2879 874 2943 Oviductibus
896 2879 964 2944 illis
988 2886 1117 2968 amplis
1136 2886 1180 2965 ad·

225 2986 352 3049 duntur
376 2981 547 3075 multoties
575 2981 767 3064 tenuiores,
808 2998 899 3066 parte
927 2987 1049 3051 media
1079 2988 1183 3072 nigrat

225 3074 365 3151 illorum
380 3096 470 3146 certe
489 3082 607 3162 apices,
622 3083 754 3148 futurae
767 3087 1009 3168 prolificationi
1021 3089 1181 3166 destinati,

226 3187 277 3252 uti
310 3187 411 3252 etiam
445 3185 655 3264 reliquorum
687 3187 885 3251 animalium
918 3191 1044 3275 ovaria
1067 3195 1184 3259 eodem

226 3274 380 3374 ”tempore
402 3301 471 3349 tota
493 3291 623 3365 aequali
646 3292 749 3350 modo
773 3314 845 3352 non
868 3295 1127 3363 evoluta-sunt.

233 3448 247 3473 ι,
337 3393 421 3455 Obs.
461 3388 655 3472 Synopseos
677 3408 770 3475 parte
791 3398 876 3480 typis
897 3401 1062 3465 mandata
1081 3404 1185 3465 Bm·

227 3515 328 3577 sanos
352 3511 497 3559 entozoa
521 3493 690 3557 simillima
721 3501 780 3560 vel
803 3503 922 3565 eadem
951 3503 1046 3567 misit
1065 3505 1104 3567 in
1123 3500 1185 3567 mt-

229 3603 323 3661 eonr‘s
345 3598 459 3660 naevii
489 3599 626 3657 naribus
657 3614 690 3659 et
719 3603 825 3673 oeulis
854 3618 1004 3684 reperta,
1049 3605 1186 3669 massula

229 3713 263 3783 et
282 3698 453 3763 feminea.
499 3699 598 3760 Conf.
626 3702 749 3774 Entoz.
778 3705 857 3768 dub.
885 3728 966 3790 gen.
994 3728 1032 3772 n.
1064 3719 1118 3782 18.
1136 3700 1187 3771 ubi

230 3801 339 3869 fusius
364 3802 406 3865 de
428 3798 480 3863 his
504 3802 705 3867 tractabitur.
806 3882 809 3887 Α
914 3890 918 3895 1
