2408 4478
400 229 452 252 ...
502 212 576 293 327
630 228 680 248 .-

55 364 207 425 crassitie
230 359 427 442 aequantia,
463 357 644 444 diaphana,
668 374 803 438 tenera3
839 361 953 447 capitis
972 364 1027 429 τε

55 466 234 546 ceptacnlo
259 464 400 547 exiguo,
430 462 633 546 proboscide
654 455 784 545 pariter'
805 480 958 540 retracta,
981 446 1018 528 ut

53 564 259 628 foraminuli
283 565 412 648 species
435 564 589 645 ejusdem
611 580 740 628 tantum
762 556 946 651 vestigium
968 554 1017 632 re*-

55 668 155 732 ferat.
313 742 315 746 Ι

156 771 235 832 Obs.
263 768 399 851 Species
421 764 562 849 insignis
585 768 832 852 longicollium,
856 769 1016 856 quemad-
1062 815 1066 825 .

57 873 204 934 modum
239 872 323 935 Eeb.
359 871 476 952 Gigas¹
499 869 736 935 brevicollium
765 894 886 956 agmen
914 870 1016 935 ducit.

60 976 190 1040 Confer
211 975 359 1062 speciem
379 971 633 1061 insequentem,

111 1147 173 1220 55
196 1129 530 1218 Echinorhynohus
555 1127 798 1202 filicollis‘n.

167 1263 346 1324 Fnonnrcrt
380 1258 512 1322 Naturf.
546 1275 597 1336 29
624 1280 666 1339 Ρ
687 1277 739 1340 70.
763 1282 797 1322 n.
829 1269 881 1336 38
902 1254 939 1318 in
972 1269 1017 1319 te·

46 1362 188 1424 ¹nuibus
213 1364 335 1427 Anatis
355 1361 544 1422 Barchadis
559 1357 655 1446 ferae
682 1376 852 1443 repertum
873 1346 1017 1447 nomine

60 1466 152 1530 Ech
176 1463 319 1545 torquati
342 1461 532 1543 descripsit,
560 1461 618 1540 qui
647 1459 802 1525 omnibus
826 1462 916 1524 notis
940 1458 1018 1522 cum

59 1567 147 1629 Ech
168 1565 399 1628 filicolliEnt.
421 1564 469 1626 II
501 1579 529 1626 1
552 1583 585 1643 Ρ.
607 1573 680 1639 283.
714 1586 746 1626 n.
764 1579 822 1643 25
846 1581 940 1626 arne
964 1547 1018 1624 de·

60 1668 185 1752 scripto
210 1665 383 1746 convenit,
406 1679 440 1728 et
462 1663 503 1726 ad
526 1684 629 1744 quem
651 1664 735 1730 Ech.
749 1663 872 1731 Anatis
895 1657 1019 1725 mollis·

60 1771 166 1835 simae
184 1771 233 1832 ib.
252 1791 286 1851 p.
308 1781 381 1847 304.
405 1789 441 1830 n.
463 1779 516 1843 41.
533 1766 656 1849 pariter
677 1767 830 1850 revocari
853 1767 962 1830 debet.
999 1756 1013 1825 ’ἶ

167 1874 368 1935 Bannsnnus
396 1869 434 1932 in
470 1870 629 1952 Catalogo
666 1872 746 1936 Ent,
777 1863 1017 1954 Vienn.'typis

59 1976 229 2063 impresso
254 1974 354 2042 etiarn
370 1971 517 2039 minores
529 1970 663 2062 Avium
681 1973 909 2065 aquaticarum
921 1956 1019 2032 E'c'h'i·

58 2077 298 2160 norbynchos,
323 2073 473 2166 corporis
495 2087 626 2164 partem
648 2089 808 2154 armatos,
835 2096 912 2137 curn
932 2071 1019 2137 Em.

47 2178 194 2263 lilicolli
215 2177 399 2259 conjunxit,
423 2191 457 2242 et
477 2176 652 2240 transitum
674 2200 693 2239 a
715 2177 868 2245 maximis
892 2165 935 2238 ad
957 2173 1016 2237 mi-

57 2281 188 2356 nimos,
219 2283 259 2342 ab
288 2277 471 2340 inermibus
501 2279 544 2341 ad
573 2292 716 2346 armatos
746 2271 858 2343 tabula
880 2275 1014 2363 egregia

56 2367 217 2447 nondum
245 2380 374 2464 publici
396 2379 481 2462 juris
513 2383 599 2444 facta
627 2383 855 2455 demonstrare
884 2382 1017 2444 sibimet

56 2471 239 2570 persuasit,
264 2483 357 2564 quod
380 2482 491 2545 amico
524 2496 638 2546 tamen
661 2487 845 2551 concedere
866 2504 1018 2565 nequeo·

56 2586 94 2650 si
125 2585 234 2662 enim,
269 2583 410 2646 simulac
435 2587 608 2678 specimen
631 2608 753 2669 anceps
781 2589 842 2651 vel
863 2585 1019 2650 interme·

56 2688 159 2754 dium
182 2678 340 2763 occurrit,
361 2685 490 2769 species
514 2701 688 2768 tantopere
712 2691 859 2754 diversas
881 2688 1020 2771 conjun-

57 2813 140 2875 gere
163 2792 348 2868 vellemus,
383 2806 507 2853 omnes
536 2802 593 2855 aut
611 2791 785 2880 'plurimae
807 2794 926 2857 saltem
946 2807 1020 2856 rue·

56 2907 136 2958 rent
158 2895 297 2974 species.

166 2995 252 3061 Ech.
280 2995 469 3068 filicollem‚
502 3013 607 3076 quern
633 2995 659 3061 1.
687 3016 713 3056 c.
744 2995 820 3059 fuse
848 2993 1018 3075 descripsi,

55 3097 168 3159 multo
191 3095 322 3164 facilius
347 3120 424 3161 curn
446 3097 531 3165 Ech.
554 3096 731 3164 teretisolli
760 3096 1016 3179 conjungerem,

55 3211 96 3266 ut
119 3197 303 3281 specimina
324 3199 453 3287 piscina
479 3197 517 3261 in
538 3197 658 3266 avibus
687 3213 764 3293 post
785 3200 928 3283 piscium
951 3195 1017 3258 illis

57 3302 291 3367 obnoxiorum
314 3305 417 3366 esum'
431 3300 603 3385 parasitica
623 3301 749 3390 majora
776 3301 853 3366 fieri
874 3314 908 3365 et
931 3300 1022 3361 habi-

55 3419 131 3467 tum
169 3405 426 3486 quodammodo
452 3403 604 3469 alienum
625 3405 776 3487 (semper
792 3407 916 3468 tarnen
953 3400 1021 3463 affi-

53 3507 155 3586 nem)
200 3509 344 3593 induere
380 3518 579 3584 statuerem,
622 3507 683 3568 sed
714 3527 750 3569 re
784 3503 1019 3583 incertissima,

55 3621 237 3691 utramque
260 3607 409 3690 speciem
431 3629 566 3673 servare
586 3606 688 3669 satius
713 3606 807 3675 duxi
860 3624 863 3629 ·

167 3726 248 3792 obs
269 3724 577 3818 Echinorhynchus
607 3725 770 3802 filicollis,
798 3724 1018 3809 quemadmo·

55 3809 141 3893 dum
157 3828 375 3914 praecedens,
395 3827 819 3914 nunquamproboscidem
844 3838 1020 3893 exsertam
