2452 4478
573 283 855 333 -212-

136 522 139 528 Ι
232 444 399 525 cujusque
430 445 542 498 motus
580 434 779 514 praesertim
813 429 850 491 in
879 442 1022 512 utraque
1046 434 1193 497 extremi·

233 560 302 610 tate
331 555 420 606 recta
449 541 703 600 observabatur.
755 535 859 595 Color
887 553 989 615 saepe
1014 533 1079 597 hac
1100 535 1194 599 illave

234 632 330 733 parte
352 641 464 705 subito
488 639 593 722 magis
616 636 771 698 intensus
810 639 962 700 redditus
997 649 1059 715 est,
1105 658 1141 699 ac
1166 636 1224 743 eij

236 747 371 829 sanguis
395 742 451 803 hic
474 739 586 801 subito
610 751 786 820 stagnaret,
809 739 889 800 dein
910 741 1168 822 propelleretur.
1201 748 1224 821 ⁶,

286 895 288 899 .
344 843 415 907 Die
450 842 585 908 XXIX.
619 840 777 922 ejusdem
810 841 937 905 mensis
973 842 1068 925 pisce
1092 843 1190 907 adhuc

237 950 324 1017 vivo
347 944 507 1010 Filariam
529 959 676 1025 utroque
699 943 767 1003 fine
790 943 919 1004 tunicas
941 948 1070 1026 pinnae
1094 965 1189 1029 egres·

239 1042 322 1127 sam,
355 1062 539 1123 mortuam,
562 1059 743 1127 partesque
765 1047 1016 1127 propendentes
1041 1051 1130 1110 albas
1150 1070 1187 1113 re·

238 1153 331 1245 peri,
374 1163 412 1212 ut
442 1134 607 1230 integram
642 1146 804 1214 extricare
840 1170 911 1210 non
950 1152 1186 1215 concederetur.

239 1250 472 1333 Microscopio
496 1251 680 1330 subjectam
700 1263 835 1330 praeter
855 1254 1048 1315 intestinum
1070 1250 1186 1317 luscum

167 1417 168 1420 ,
237 1354 346 1424 'totam
368 1366 529 1434 quantam
547 1340 705 1440 foetubus
723 1350 813 1414 vivis
827 1354 990 1433 repletam
1007 1354 1186 1419 observavi

237 1456 294 1528 Ὴί
316 1456 366 1520 uti
395 1438 436 1516 et·
456 1454 663 1533 reliquarum
692 1453 897 1543 Filariarum
925 1455 1070 1536 majores
1093 1454 1185 1521 acilii

241 1561 519 1629 Cucullannmm,
542 1563 655 1636 'neque
677 1557 831 1637 undique
852 1557 1014 1637 pellucidi
1033 1576 1120 1637 sunt,
1138 1557 1185 1623 sed

242 1677 374 1751 partem
393 1656 619 1743 posteriorem
648 1659 749 1737 (ante
775 1658 914 1720 caudam
936 1661 1202 1742 longiusculam).

245 1784 386 1855 opacam
413 1759 591 1843 exhibent,
634 1781 702 1840 quo
731 1778 771 1823 se
797 1760 901 1845 magis
933 1765 1093 1827 evolutos
1118 1780 1186 1847 erte,

237 1854 427 1948 ⁸lorsa'mqt're
462 1859 588 1922 diutins
611 1863 759 1941 gestari,
793 1875 964 1925 testantur.
1010 1863 1131 1928 Caudio
1152 1863 1189 1925 la·

245 1972 313 2037 cile
334 1965 488 2031 invicem
509 1962 705 2038 adhaerent,
728 1974 761 2025 et
786 1968 960 2029 materiam
979 1979 1112 2033 tantum
1129 1982 1190 2050 gut·

245 2093 378 2138 mosam
394 2059 657 2149 (placentulas),
678 2084 793 2146 neque
816 2070 921 2133 ovula
940 2070 1013 2133 ulla
1034 2070 1118 2149 vidi,
1133 2065 1190 2154 qui·

241 2181 305 2243 bus
328 2175 598 2237 adnecterentur.

304 2336 361 2390 ιο.
389 2311 520 2383 Filaria
544 2310 693 2382 rubella
717 2318 761 2383 R.
785 2339 820 2383 n.
847 2340 902 2409 sp.

354 2461 426 2524 Cel.
447 2459 550 2520 Kuuo
577 2455 614 2517 in
633 2460 751 2520 Ranae
771 2468 989 2545 temporariae
1012 2459 1188 2529 ventriculo

245 2564 332 2632 'duas
358 2559 484 2644 reperit
509 2558 663 2623 Filarias.
693 2561 828 2624 alteram
857 2580 921 2628 tres
954 2570 1097 2650 pollices
1126 2582 1189 2648 qua·

248 2681 396 2750 tuorque
411 2660 530 2738 lineas,
554 2661 690 2724 alteram
716 2680 863 2744 quatuor
884 2691 961 2729 cum
982 2669 1124 2731 dimidio
1134 2662 1189 2751 pol

248 2770 331 2834 lices
350 2769 498 2848 longam,
542 2763 667 2827 coloris
690 2767 816 2846 pallide
839 2769 939 2846 rosei,
962 2769 1114 2852 graciles,
1144 2786 1189 2830 an·

246 2892 382 2936 rorsum
440 2864 626 2942 tenuiores,
669 2872 783 2950 capite
825 2871 1056 2951 acutiusculo,
1100 2867 1190 2938 murlo
1222 2948 1224 2955 Ι

247 2969 379 3039 obtusa.
441 2964 445 2978 ’
639 2958 641 2964 ’

350 3075 432 3154 Ipse
460 3066 647 3150 (Berolini,
691 3068 847 3140 Octobris
873 3070 906 3142 d.
927 3076 1016 3154 IV.)
1045 3080 1083 3140 in
1108 3080 1188 3141 flaua
1221 3076 1224 3081 ’

245 3179 410 3244 esculenta
431 3165 585 3251 maxima,
609 3176 664 3239 cui
685 3179 804 3242 hernia
827 3201 948 3261 magna
973 3182 1112 3242 dorsalis
1131 3180 1186 3242 'enl
1217 3230 1224 3245 .

247 3283 471 3364 (pulmonem
496 3278 661 3357 dextrum,
693 3281 931 3344 intestinorum
955 3295 990 3343 et
1011 3283 1187 3344 ovariorun

245 3396 377 3464 partem
400 3377 614 3459 continens),
637 3384 875 3447 mesenterium
899 3398 931 3444 et
953 3384 1103 3448 tunicam
1125 3398 1187 3446 ven·

250 3486 363 3547 triculi
377 3498 410 3546 et
422 3483 659 3546 intestinorum
666 3477 838 3550 externam
849 3487 1033 3549 tuberculis
1046 3489 1188 3550 obsitare
1213 3464 1219 3491 ξ

247 3585 323 3670 peri
334 3588 537 3676 plerumque
550 3589 1189 3672 compressis,parvulis,saepeinterpat·
1201 3644 1204 3653 .

249 3689 335 3755 tium
358 3689 520 3749 dictarum
542 3688 670 3750 tunicas
694 3712 759 3769 qua
780 3706 908 3772 partem
931 3692 1126 3771 latentibus.

356 3790 401 3851 In
437 3791 561 3853 horum
605 3791 737 3852 duobus
778 3792 931 3855 maximis
971 3796 1105 3858 lentem
1135 3791 1193 3855 sub

211 3864 214 3869 ⁴
247 3890 471 3979 aequantibus
491 3891 652 3964 Filariam
669 3895 795 3965 offendi
808 3897 938 3983 vivam,
960 3899 1100 3972 alteram
1116 3898 1194 3983 quin
