2408 4478
565 246 849 340 ..396...

226 436 314 498 poro
326 413 470 479 ventrali
484 414 722 496 pedunculato,
735 414 948 497 pedunculo
963 416 1069 491 bret-i
1084 436 1182 487 censu

225 519 354 584 Porum
378 519 523 580 anticum
550 518 637 578 ltaurl
656 519 745 580 bene
768 517 859 579 vidi.

334 621 421 681 Misit
445 620 544 682 etiarn
566 620 754 680 Distotnuta
783 619 848 681 tria
880 619 921 683 in
947 620 1120 683 intestinis
1139 620 1177 684 Co·

137 796 144 807 ι
227 722 330 806 lymbi
357 724 475 783 arctici
504 736 650 807 reperta,
693 721 774 782 duas
805 723 925 787 tertias
953 725 1072 787 lineae
1092 736 1174 804 partes

225 825 339 905 longa,
364 826 474 885 minus
499 826 587 886 liene
609 841 822 903 conservata,
850 847 949 907 qnae
976 848 1024 890 ex
1046 829 1175 909 piscem

223 942 333 990 mesto
356 926 391 987 in
416 928 581 1007 Colyrnbo
612 926 744 988 residua
775 942 807 989 et
828 928 1041 1011 parasitica,
1075 930 1173 990 forsan·

226 1050 293 1111 que
317 1029 379 1088 lrur
404 1027 603 1109 pertinentia
625 1030 806 1091 crederem.
831 1018 834 1025 ¹

332 1133 414 1194 Puri
438 1136 503 1190 lere
534 1132 651 1202 latent,
687 1136 816 1193 ancia-zu
855 1132 1048 1195 foraminis
1081 1128 1168 1213 exigu'

224 1235 334 1318 specie
358 1234 607 1314 quodammodo
625 1232 797 1306 notabilis3
821 1235 999 1297 ventralis
1020 1234 1167 1327 peduncu·

223 1340 329 1416 latus,
367 1356 480 1396 verme
516 1336 586 1395 fere
610 1333 753 1409 furcato;
789 1334 977 1417 utriusque
1007 1336 1086 1417 pori
1106 1332 1164 1397 basi

223 1442 309 1520 parti
339 1436 549 1519 pellucirliori
579 1437 716 1511 insidet,
755 1437 795 1497 ad
827 1440 929 1522 cujus
960 1443 1070 1504 latera
1095 1440 1162 1499 locut

224 1546 399 1604 obscuruS.
447 1536 564 1599 Gauda
586 1540 823 1611 obtusiuscula.
874 1540 1017 1625 Corpus
1042 1534 1161 1606 tetesti

225 1645 335 1707 detur.

277 1818 335 1894 72.
362 1800 532 1870 Distoma
558 1798 742 1871 lineatum
767 1805 912 1871 Banna.
940 1824 982 1875 n.
1011 1820 1069 1895 sp.¹

330 1936 528 1993 limnaeus
546 1930 726 2010 specimina
748 1931 817 1991 dno
841 1930 878 1990 in
895 1926 1159 1995 intestinum

225 2037 400 2100 Srumuieti
423 2035 506 2095 lecta
529 2032 632 2104 misi13
660 2033 730 2113 ipse
758 2036 908 2113 quinque
934 2033 1068 2097 inillis
1091 2030 1160 2095 rull

222 2138 418 2199 rubor-centis
440 2131 587 2195 Arimini
609 2132 739 2214 Aprili,
769 2142 909 2196 unicum
935 2136 976 2196 in
997 2136 1073 2199 illis
1097 2130 1160 2197 Gali

221 2241 355 2300 Molvae
377 2234 522 2316 Neapoli
546 2237 650 2297 Junio
672 2235 797 2317 reperi,
821 2237 904 2309 alba,
934 2237 1160 2319 sesquilinean

195 2339 264 2399 -ad
286 2354 428 2419 quatuor
451 2358 527 2398 cum
555 2338 688 2399 dimidia
718 2338 823 2402 lineas
844 2341 972 2422 longa,
1003 2340 1070 2405 vix
1095 2357 1160 2421 quar·

220 2453 288 2501 tam
307 2440 417 2501 lineae
440 2454 568 2518 partem
591 2441 663 2514 lata,
688 2440 867 2505 fililormia.
1017 2514 1023 2521 ,

328 2539 454 2619 Corpus
476 2557 579 2615 teres,
617 2545 768 2622 aequale,
806 2556 863 2605 aut
884 2558 1087 2608 antrorsum
1109 2557 1160 2608 atto

218 2655 359 2704 nuatum
382 2641 629 2715 tenuissimum,
652 2646 1161 2726 postice.obtusiusculum,'an

218 2748 283 2807 tice
306 2747 393 2806 collo
415 2749 509 2824 quasi
532 2745 658 2824 duplici
680 2762 794 2819 utens3
822 2768 909 2829 poro
945 2749 1083 2815 scilicet
1102 2768 1161 2814 vett

218 2848 290 2908 trali
314 2848 550 2927 pedunculato,
576 2842 769 2928 peduncnlo
783 2850 899 2932 longo,
920 2871 1034 2931 quam
1059 2857 1162 2919 collum

132 2968 135 2973 ·
216 2954 338 3031 passim
361 2951 528 3028 longiore,
551 2972 631 3010 mox
656 2964 841 3010 antrorsum
857 2947 1006 3030 directo,
1034 2978 1116 3020 mox
1133 2954 1161 3017 di·

214 3053 371 3123 varicato,
396 3072 464 3130 qno
488 3055 611 3112 vermis
634 3054 778 3113 lurcatus
797 3068 976 3132 appareat.

302 3170 411 3229 Porus
433 3172 563 3232 arrcicus
583 3171 765 3232 terminalis
787 3173 926 3251 longior
952 3195 1063 3254 quam
1085 3179 1160 3252 latur,

216 3285 368 3353 apertura
391 3275 485 3347 qnasi
508 3273 632 3345 excisa3
661 3274 822 3334 verrtralr's
844 3264 954 3352 paulo
980 3278 1109 3358 major,
1129 3296 1161 3339 co

212 3390 321 3437 terum
342 3370 537 3440 consimilis.
582 3375 759 3437 interdum
782 3374 870 3448 sinu,
896 3397 970 3455 qua
995 3382 1124 3442 collum
1140 3390 1161 3442 et

106 3510 113 3523 ·
212 3456 426 3556 pedunculus
449 3474 522 3555 pori
545 3479 701 3537 ventralis
716 3475 942 3551 conveniunt,
957 3486 1106 3561 porulus
1119 3498 1160 3546 tet·

212 3576 277 3636 tius
301 3576 417 3634 adesse
431 3574 573 3650 videtur,
598 3580 672 3639 cirri
688 3579 952 3659 receptaculum,
971 3605 1080 3663 quem
1099 3605 1161 3647 nun

215 3696 314 3754 quam
337 3689 504 3735 exsertum
532 3680 610 3739 vidi.
663 3685 792 3765 Corpus
817 3683 943 3761 passim
976 3688 1159 3769 corpurenlt

215 3777 364 3856 oblongo
378 3776 545 3857 -elliptica
568 3785 708 3844 obscura
732 3785 788 3845 vel
811 3782 911 3845 etiam
940 3786 1013 3848 alio
1035 3789 1071 3850 in
1095 3784 1157 3851 indi·

211 3879 320 3944 viduo
345 3897 450 3940 vacua
473 3898 506 3943 et
526 3885 705 3963 pellucida,
729 3886 767 3948 in
789 3886 881 3950 linea
902 3892 1085 3973 mediana,
1102 3908 1155 3974 par·
