2408 4478
551 236 835 312 ...320-

216 386 266 472 pii
288 379 544 468 conspiciuntur
566 386 750 468 plurimae,
782 389 922 457 formae
947 397 1094 473 variae,
1122 420 1183 480 qm.

217 491 419 577 drangniae,
455 487 656 570 triangulae,
697 506 769 565 etc„
805 492 939 572 quibus
966 500 1082 561 cauda
1104 506 1184 581 quasi

216 594 362 656 areolata
384 589 553 664 redditur,
578 608 735 673 quaeque
764 612 841 655 cum
867 598 1078 663 confinium
1100 624 1145 673 tv.
1162 626 1183 667 c.

178 676 183 685 ⁵
215 693 464 781 praecedentis)
489 692 712 756 foraminibus
733 694 893 756 rotundis
917 718 1003 761 non
1029 706 1183 769 confundi

217 800 354 863 debent.
410 798 547 860 Ductus
583 812 708 877 opacus
736 795 886 858 mediam
922 802 1040 882 partis
1063 809 1184 889 posteri

219 900 287 964 oris
310 898 562 982 longitudinem
584 897 676 981 legit.
697 929 740 943 -
783 894 869 960 Alta
899 900 1184 993 Echinorhyncbi

219 1001 350 1087 species
385 1000 423 1063 in
451 997 674 1081 Atricapiiiae
717 1012 863 1062 omento
895 1011 1075 1073 occurrite
1109 1013 1182 1079 conf.

217 1129 253 1171 n.
275 1108 330 1185 65.
369 1190 374 1201 Ι

269 1270 330 1352 25.
355 1246 689 1352 Echinor'hynchus
716 1212 930 1336 'tumidulae
960 1260 1016 1343 R.
1043 1284 1082 1343 rt.
1107 1292 1155 1369 sp.

325 1394 517 1477 Specimina
546 1391 692 1473 plurima
720 1394 757 1455 in
790 1390 974 1461 intestinis
1004 1400 1179 1487 Crotopic.

215 1523 278 1582 gae
292 1499 359 1562 Arri
379 1492 455 1559 sive
476 1492 632 1570 minoris,
656 1516 741 1575 quae
764 1515 865 1577 saepe
878 1499 1119 1569 multitudine
1137 1508 1178 1567 ob·

217 1614 360 1674 struunt,
383 1598 574 1677 Septembri
595 1610 628 1658 et
651 1597 791 1660 Octobri
820 1598 857 1659 in
883 1602 1041 1669 Brasilitr
1065 1622 1178 1689 reperta

218 1728 286 1771 am.
311 1705 446 1767 Orrros
467 1697 567 1771 misit,
591 1699 683 1777 alba,
713 1701 901 1764 duodecim
934 1708 985 1767 ad
1018 1710 1177 1791 septende

218 1807 284 1873 cim
305 1808 414 1869 lineas
437 1803 549 1883 longa,
571 1802 721 1863 mascula
742 1822 804 1881 pro
826 1824 934 1869 more
954 1808 1110 1873 minora.

326 1907 502 1972 Proboscic
523 1903 583 1967 vix
604 1902 732 1967 lineam
750 1906 872 1987 longa,
897 1910 1022 1975 obiter
1042 1915 1171 1999 inspecta

216 2013 366 2086 linearis,
389 2009 447 2072 sed
470 2004 629 2070 attentius
646 2004 834 2069 examinata
846 2006 1065 2095 inaequalis,
1077 2016 1168 2081 medio

217 2117 386 2185 tantillum
405 2107 628 2197 convexiore,
646 2110 719 2169 basi
740 2107 866 2173 iterum
891 2112 1120 2193 increscente,
1138 2114 1167 2177 ri·

216 2242 265 2283 ve
285 2212 484 2285 subconica;
508 2215 696 2275 cincinorum
720 2214 1015 2281 tenuissimorum
1039 2220 1162 2283 seriebus

218 2317 437 2401 quadraginta
461 2328 494 2376 et
521 2314 615 2392 quod
645 2319 790 2377 excurrit
823 2321 1037 2385 transversis
1056 2334 1158 2385 armata

219 2424 341 2488 toltum
364 2420 510 2483 nulium
556 2416 682 2498 Corpus
704 2418 953 2499 cylinrlricum,
982 2439 1078 2506 parte
1098 2436 1157 2487 ante

216 2525 307 2589 riore
330 2525 370 2585 ad
394 2524 540 2585 duarum
562 2523 619 2583 vel
655 2516 757 2580 trium
789 2517 970 2585 linearum
1007 2514 1155 2637 longitude

216 2649 297 2691 nem
320 2626 479 2688 crassiore
501 2621 851 2702 (tumidula),passiu1
875 2608 1076 2709 inaequali,
1095 2590 1153 2689 subi
1203 2674 1204 2690 1

216 2744 250 2793 to
272 2722 307 2792 in
331 2728 521 2792 tenuiorem
545 2745 648 2805 aequ..
643 2726 724 2786 iem
746 2726 905 2788 abeunte.
960 2730 1152 2793 Gandacmt·
1202 2786 1204 2794 ,

214 2835 322 2898 aculae
342 2829 495 2894 vesicula
515 2828 640 2889 lineam
666 2829 736 2890 sere
755 2828 870 2907 longa,
893 2826 1081 2895 dimidiam
1097 2846 1153 2893 ont
1202 2881 1204 2900 .

217 2959 262 3015 sa,
281 2924 446 3014 ¹utrinque
470 2928 706 3015 obtusissima,
721 2926 845 2989 inflexa
868 2930 1030 3011 additur,
1058 2934 1091 2999 in
1112 2948 1153 3013 qut

218 3038 416 3120 corpuscula
439 3036 506 3095 duo
532 3032 740 3093 subrotunda
764 3031 1047 3119 conspicidntur,
1066 3039 1152 3101 ductu

218 3143 277 3205 vel
299 3138 388 3200 vasis
412 3158 478 3217 ope
498 3136 585 3197 inter
607 3155 641 3195 se
664 3130 696 3196 et
719 3154 794 3194 cum
818 3134 925 3194 cauda
953 3136 1153 3205 cohaerentis

220 3243 331 3307 Gauda
365 3236 511 3327 feminea
546 3240 674 3319 apicem
709 3241 868 3299 obtusum
896 3240 1101 3306 crassiorem
1120 3258 1152 3323 pe

217 3346 302 3431 pilia
327 3339 469 3404 minima
491 3343 705 3402 terminatum
730 3353 763 3401 et
794 3338 904 3401 obiter
935 3342 1103 3407 inflexum
1119 3342 1152 3403 ht·

217 3450 286 3512 bet.
334 3448 411 3508 Ova
438 3446 633 3522 innumera,
667 3455 820 3523 angusta,
855 3442 916 3504 sed
948 3460 1085 3525 praeter
1106 3460 1152 3505 ms

217 3570 289 3613 rem
310 3546 430 3612 brevia
451 3560 485 3608 et
506 3545 689 3619 minutula3
718 3547 928 3641 placortulac
959 3546 1081 3613 solitae
1102 3560 1152 3611 att
1203 3606 1204 3613 ,

120 3680 125 3689 ¹
218 3650 350 3713 desunt.

328 3766 409 3830 obs:
432 3764 564 3849 Species
585 3765 670 3830 haec
696 3754 732 3829 in
766 3746 916 3847 Synopsi
945 3788 1043 3849 pone
1067 3774 1099 3829 n.
1118 3760 1149 3837 ¹3
1201 3815 1204 3838 ,

188 3860 192 3867 ’
217 3867 411 3935 enumerari
432 3869 610 3952 debuisset,
632 3868 904 3953 comprobante
926 3857 1148 3957 imquatsdi
