2408 4478
570 254 855 337 ...426-

232 424 303 485 duo
335 423 395 484 vel
432 413 492 480 tria
525 416 675 481 faucibus
712 438 820 503 prope
859 417 1036 484 branchia
1065 416 1169 501 ineunt,

232 542 338 606 pauca
361 522 451 591 duas,
478 522 580 581 multa
602 536 666 584 tres
688 524 727 582 ad
751 542 811 585 sex
835 524 958 589 lineas
983 525 1095 606 longa,
1114 546 1170 605 quat

209 625 396 707 ¹pollicem
420 625 631 704 superabant,
654 622 831 700 rarissima,
860 646 982 689 unum
1005 640 1112 690 tamen
1126 628 1169 711 pol·

209 726 334 789 -licem
356 742 388 789 et
415 725 577 791 undecim
607 723 713 793 lineas¹
737 730 925 815 aequabat3
954 726 1028 789 hoc
1059 730 1170 807 tenuius,

230 829 361 907 reliqua
384 849 526 913 corpore
549 830 722 893 crassiore.

338 932 442 991 Color
459 930 623 1012 generalis
647 931 783 1009 quidem
805 932 909 993 albus
938 944 1016 1007 est,
1037 934 1096 1001 sed
1114 932 1169 995 allt-

232 1030 323 1094 dinis
341 1050 471 1113 praeter
492 1051 594 1113 poros
616 1034 675 1092 vix
708 1032 899 1112 quidquam
934 1034 1034 1097 vivis
1065 1038 1099 1097 in
1123 1054 1168 1096 tro

231 1152 385 1217 spectum
410 1134 518 1206 veuit,
546 1152 628 1199 uase
660 1132 784 1195 dorsali
806 1134 1059 1205 ramosissirno
1082 1154 1167 1215 cratin

231 1236 330 1298 ramis
352 1236 474 1317 pariter
496 1234 611 1296 crassis
645 1248 677 1296 et
706 1236 889 1310 brevibus,
919 1236 1168 1321 nigrescentibus

231 1338 448 1399 oviniuctibus
478 1359 564 1402 vero.
592 1338 692 1397 luteis
722 1336 912 1416 plurimum
945 1342 1169 1423 contortuplin

229 1439 287 1513 tis,
312 1441 465 1501 annulos
490 1440 584 1519 quasi
605 1439 854 1520 dirigentibus,
884 1440 1002 1511 latera
1025 1455 1059 1504 et
1082 1456 1168 1527 postte

229 1562 318 1603 mam
341 1543 490 1622 corporis
513 1554 641 1622 partem
665 1539 727 1601 sibi
751 1542 993 1607 sumentibus,

338 1644 420 1709 Pori
454 1642 670 1724 subglobosi,
711 1640 874 1707 vctztralis
923 1645 1047 1706 multo
1085 1643 1168 1727 major,

229 1759 383 1826 apertura
412 1762 512 1826 saepe
537 1744 793 1828 longitudiuali,
826 1743 1111 1833 pedunculatus,
1138 1768 1169 1839 pe

230 1848 381 1914 dunculo
405 1866 503 1928 saepe
525 1851 602 1909 satis
631 1851 748 1930 longo.
806 1842 934 1908 Collum
976 1850 1089 1913 breve
1114 1853 1171 1911 cori

228 1970 323 2027 cum,
352 1951 447 2031 cujus
477 1969 551 2032 pars
576 1949 684 2018 antica
715 1968 790 2009 cum
812 1946 928 2026 capite
957 1952 1091 2014 aculeis
1109 1950 1170 2013 miri

227 2052 292 2114 mis
316 2051 433 2120 obsita.
482 2054 611 2133 Corpus
633 2052 717 2114 circa
733 2068 859 2133 porum
874 2054 1083 2119 veniralem
1102 2074 1170 2137 Saepe

228 2155 394 2214 tumidum
417 2156 466 2233 (et
490 2153 612 2217 dorsali
643 2167 678 2216 et
709 2150 855 2215 ventrali
879 2152 1023 2231 latere),
1048 2157 1124 2222 dein
1141 2179 1171 2240 q.

227 2255 421 2333 liudricum,
445 2259 539 2337 apice
564 2259 685 2319 obtuso
709 2267 863 2335 apertura
886 2251 1085 2336 instructo,
1113 2280 1170 2341 qutt

228 2377 329 2438 saepe
358 2360 532 2426 materiam
567 2359 694 2425 fuscam
716 2352 869 2421 effundit.
937 2358 1046 2423 Cutis
1080 2364 1171 2435 mollis,

226 2475 385 2539 totusque
401 2461 525 2521 vermis
540 2460 787 2536 flaccidus‚post
800 2472 957 2522 mortem
974 2466 1171 2526 rectiusculus

227 2577 283 2622 aut
317 2560 511 2644 simpliciter
534 2575 690 2623 curvatus
717 2558 922 2633 exhibetur„
960 2565 1104 2639 Citium
1123 2586 1170 2633 noi
1203 2579 1204 2582 ’

225 2663 311 2728 vidi.

335 2766 414 2827 Obs.
440 2781 467 2830 1.
499 2765 632 2844 Species
661 2763 742 2828 haec
776 2784 793 2829 a
822 2768 1070 2844 praecedente
1102 2766 1172 2852 plun'·

222 2889 317 2928 mum
339 2869 460 2941 differt,
488 2869 577 2941 loco,
602 2870 727 2939 colore,
750 2868 912 2945 mollitie,
941 2874 1043 2937 collo
1069 2876 1171 2943 coniri,

224 2993 339 3050 neque
362 2989 461 3049 supra
484 2988 644 3033 convexo
661 2970 776 3033 subtus
794 2968 971 3037 concavo.
1023 2977 1122 3062 Quae
1136 2993 1172 3057 pet

225 3094 351 3133 anuum
367 3072 484 3152 spiritu
498 3085 695 3134 conservata
710 3086 796 3147 sunt,
808 3071 940 3133 eodem
959 3077 1079 3141 adhuc
1092 3076 1171 3141 modo

223 3174 320 3234 facile
345 3172 504 3253 distingui
533 3189 677 3254 possunt
705 3170 914 3260 specimiua3
956 3177 1173 3258 praecedentis

221 3276 311 3337 enim
333 3275 458 3354 speciei
482 3291 644 3350 contorta,
670 3275 885 3350 duriuscula,
911 3277 1007 3340 haec
1031 3282 1174 3355 molliora,

152 3362 156 3370 ¹
221 3377 433 3447 rectiuscula,
458 3379 572 3441 colore
596 3380 733 3443 illorum
756 3377 852 3452 albu,
875 3377 1017 3451 horum
1042 3386 1173 3452 obscuro,

219 3481 307 3538 collo
333 3478 366 3537 iu
387 3477 535 3557 utrisque
560 3479 707 3541 diverso
739 3509 743 3516 ·

328 3578 407 3641 Obs.
433 3595 462 3640 2.
487 3582 587 3653 Rem,
613 3582 676 3646 viti
702 3581 761 3641 cel.
776 3600 940 3647 vermem
969 3591 1171 3667 paradoxum,

214 3680 249 3736 in
288 3679 480 3740 ventriculo
519 3697 552 3749 et
581 3683 747 3742 intestinis
780 3681 1049 3769 Ortltragorisci
1078 3692 1169 3753 Mulae

214 3794 387 3856 repertum
406 3780 470 3840 huc
493 3786 663 3862 pertinere
687 3781 909 3848 crediderim.
959 3792 1112 3854 Plurima
1129 3790 1168 3849 sal·

213 3892 281 3941 tem
309 3879 386 3940 satis
423 3885 510 3946 bene
541 3884 722 3963 quadrant,
759 3906 880 3968 neque
921 3892 1164 3979 descriptionem
