2408 4478
531 261 816 349 ..235-

191 428 414 490 characterem
432 426 562 509 generis
585 392 757 499 exhibere,
779 425 817 486 in
830 425 1072 495 Nematoideis
1094 428 1154 509 (uti
1200 504 1202 519 Ι

191 549 291 612 supra
311 529 470 610 exposui)
493 527 628 593 tolerari
651 528 765 593 debet.
816 529 919 595 Cous.
952 529 1043 599 obs,
1069 550 1100 597 1.
1118 534 1156 596 ad

133 682 137 691 .
193 630 339 714 speciem
357 632 461 695 XHL

301 769 383 850 Ipse
406 767 488 828 olim
511 766 717 848 Spiropteras
752 780 885 829 tantum
908 768 1083 836 femineas
1103 795 1157 838 no·

118 946 121 951 Ι
189 892 319 946 ¹veram,
344 888 424 951 quas
447 870 543 944 ideo,
585 870 771 932 charactere
794 867 985 936 sufficiente
1009 895 1086 937 non
1109 896 1158 939 ex·

191 972 315 1046 hibito,
345 971 416 1032 allis
437 972 615 1056 generibus
639 972 767 1047 addidi,
810 993 829 1033 a
853 972 976 1053 quibus
1000 998 1098 1039 nunc
1119 977 1158 1041 di·

192 1095 307 1139 versas
328 1096 493 1156 agnosco;
514 1096 634 1156 paucas
657 1076 738 1139 dein
759 1077 830 1155 ipse
852 1075 975 1155 reperi,
998 1080 1157 1159 plurimas

192 1179 321 1242 Museo
344 1177 535 1240 Viennensi
558 1177 685 1251 debeo,
731 1176 826 1258 quod
845 1176 999 1260 singulas
1024 1202 1156 1249 enume-

193 1281 301 1344 rando
324 1294 414 1361 grata
435 1294 550 1341 mente
573 1278 746 1344 adnotavi.

300 1413 436 1496 Species
459 1435 663 1481 numerosae
683 1428 776 1490 sunt,
806 1418 962 1497 singulae
986 1439 1080 1483 vero
1104 1420 1158 1483 dlf-

192 1517 350 1583 ferentias
375 1517 544 1597 specificas
573 1520 672 1583 facile
695 1521 871 1600 multoque
893 1518 1034 1583 facilius
1059 1542 1156 1603 quam

192 1620 375 1689 Ascarides
399 1619 570 1683 exhibent.
625 1623 742 1683 Nihilo
766 1635 881 1684 tamen
905 1619 1028 1681 minus
1052 1641 1156 1705 genus

192 1725 455 1809 Physolopcerae
475 1721 555 1781 huic
576 1723 770 1806 proximum
803 1721 974 1812 separavi,
1021 1744 1073 1787 ne
1100 1742 1156 1786 nu·

192 1848 289 1890 mero
312 1823 445 1887 tandem
470 1826 671 1900 obruamur,
709 1824 789 1888 alias
818 1823 910 1894 enirn
932 1822 1157 1889 artificiosum

193 1949 269 1994 esse
291 1926 390 1988 facile
413 1926 577 1988 concedo.

296 2060 509 2148 Spiropterae
545 2062 634 2126 inter
669 2061 854 2147 oesophagi
892 2076 926 2127 ct
967 2061 1158 2129 ventriculi

194 2165 346 2240 tunicas,
390 2168 447 2228 vel
469 2165 505 2226 in
526 2165 649 2226 horum
676 2171 862 2230 tumoribus
886 2165 1063 2229 morbosis
1094 2169 1166 2247 (an

194 2268 351 2335 entozois
389 2266 556 2350 originem
593 2267 835 2347 debentibusi')
868 2271 1084 2351 plerumque
1107 2270 1159 2332 de'·

193 2385 313 2457 gentes
336 2369 572 2431 Mammalibus
607 2384 639 2431 et
670 2368 809 2431 Avibus
837 2368 1065 2452 potissimum
1087 2392 1158 2456 pro·

192 2476 287 2558 priae
310 2484 400 2544 sunt,
433 2484 470 2531 ut
509 2470 598 2535 inter
621 2471 749 2552 species
777 2473 997 2554 quadraginta
1022 2471 1064 2535 in
1086 2494 1158 2557 syrr-

194 2577 270 2660 opsi
314 2586 543 2649 enumeratas,
586 2572 720 2654 triginta
742 2573 892 2654 quinque
915 2572 1007 2636 dicto
1031 2575 1158 2640 habita·

195 2682 273 2743 culo
298 2674 521 2747 conveniant3
565 2675 771 2756 reliquarum
794 2696 862 2736 una
901 2676 987 2755 (12)
1028 2681 1157 2744 eodem

193 2785 272 2845 loco
309 2779 367 2840 sed
406 2777 443 2841 in
475 2774 666 2860 Amphibio
697 2779 906 2857 (Testudine
928 2778 1156 2864 orbiculari),

194 2887 298 2955 altera
319 2884 355 2941 in
377 2870 469 2961 pisce
501 2883 556 2956 (n.
581 2879 651 2958 15.)
680 2879 818 2959 quidem
846 2882 905 2943 scd
932 2895 1076 2969 praeter
1103 2906 1158 2954 ve.

194 2986 296 3049 sicam
319 2985 486 3044 anemiam
508 2980 608 3044 etiam
630 2981 858 3064 oesophagum
887 2983 1087 3051 inhabitans
1109 2985 1156 3053 in·

193 3088 385 3152 veniamur.
431 3082 565 3164 Species
592 3103 627 3145 n.
656 3099 686 3144 s.
717 3083 858 3144 omnino
880 3083 1049 3167 deflectit,
1095 3091 1156 3155 sub

194 3188 308 3271 capitis
332 3199 407 3249 cute
429 3183 466 3243 in
488 3184 636 3244 Falcone
658 3184 782 3247 naevio
807 3205 1002 3259 occurre11s3
1035 3210 1076 3255 n.
1104 3205 1158 3268 23.

194 3314 278 3355 vero
313 3288 349 3352 in
372 3283 535 3348 Hominis
573 3287 688 3346 vesica
720 3287 877 3362 urinaria,
921 3301 954 3348 et
975 3311 1011 3350 n.
1041 3307 1099 3368 30.
1119 3291 1156 3355 in

192 3398 282 3473 pede
303 3391 460 3453 Falconis
481 3385 643 3470 rufipedis
664 3387 787 3453 obviae
808 3390 965 3452 nondum
980 3391 1064 3455 satis
1080 3413 1156 3461 con·

193 3498 344 3558 firmatae
367 3503 458 3556 sunt.
578 3478 580 3482 Ι

252 3672 280 3718 ι.
310 3649 521 3742 Spiroptera
545 3666 770 3743 megastoma
794 3655 841 3721 R.
866 3672 903 3721 n.
929 3672 985 3743 sp.

283 3796 334 3856 Cl.
353 3795 571 3868 Rnonrnnau,
593 3792 735 3857 Scholae
758 3793 995 3863 Veterinariae
1022 3794 1155 3861 Beroli.

193 3895 307 3962 nensis
331 3894 508 3957 Professor
528 3894 760 3960 meritissimus
798 3896 836 3961 in
870 3885 1152 3987 duorum'Equo·
