2452 4478
436 111 496 137 ··‘
541 101 611 175 53¹
667 122 719 187 έ-

141 273 206 346 91.
239 253 375 326 Taenia
410 253 675 328 crateriformis
716 262 856 330 Goaza.
899 248 996 342 ,Tab0
1021 279 1057 353 5.

244 375 321 470 Fig.
345 391 386 462 9.

199 525 244 584 In
268 521 346 584 Pici
368 521 489 583 viridis
508 518 674 585 intestinis
687 521 917 587 Amauuensis
937 540 1054 593 noster

83 623 245 688 Berolini
267 622 372 684 lunio
404 622 556 703 quinque
587 626 772 705 specimina
799 632 940 709 reperit,
974 651 1052 710 qua·

82 743 166 791 tuor
188 727 231 788 ad
254 724 405 806 quinque
428 726 572 806 pollices
591 731 703 811 longa.

204 842 311 925 Caput
344 845 545 908 rotundum.
602 847 785 910 Rostellum
824 847 1080 931 cylindricum.

83 946 182 1030 apice
204 949 364 1029 globos0,
394 946 642 1010 uncinulorum
672 970 798 1010 corona
829 950 968 1030 (passim
991 946 1051 1011 ob-¹

12 1080 16 1087 ·
83 1044 200 1127 scura)
222 1049 367 1126 cincto„
394 1049 518 1110 Oscula
540 1049 741 1110 orbicularia
763 1072 893 1132 magna.
927 1051 1048 1116 Collum

41 1212 47 1223 ,
80 1143 349 1235 longiusculum,
369 1149 587 1231 longitudine
611 1151 713 1214 varia.
758 1155 902 1238 Articuli
928 1158 1054 1217 anteri*

10 1276 13 1284 ’
52 1257 67 1327 J
81 1273 162 1318 ores
185 1253 426 1334 rugaeformes,
445 1252 594 1334 angusti3
616 1251 835 1335 insequentes
858 1256 963 1337 magis
977 1277 1047 1319 ma·

78 1355 204 1438 gisque
227 1352 387 1427 distincti,
422 1356 545 1433 breves
569 1372 696 1430 tamen3
735 1357 859 1421 sensim
887 1359 1044 1440 deinceps

14 1446 19 1458 ⁸
76 1458 237 1539 majdres,
261 1456 397 1519 tandem
412 1457 562 1539 margine
583 1459 714 1540 postico
730 1463 859 1522 tumido
882 1460 1044 1542 utrinque

78 1574 268 1631 exstantes;
290 1556 400 1619 ultimi
423 1560 607 1634 crassiores,
627 1566 702 1623 ovis
725 1562 851 1635 referti,
875 1563 1042 1644 saepehis

75 1661 194 1727 effusis
234 1662 304 1723 fere
334 1659 550 1735 rhomboidei
583 1662 661 1730 visi.
710 1663 893 1728 Foramina
925 1666 1042 1730 articu-

72 1770 191 1830 lorum
215 1761 411 1844 marginalia
437 1763 599 1842 opposita.
831 1753 834 1764 ι

180 1884 256 1945 Ova
278 1880 390 1965 hujus¹
404 1881 555 1942 Taeniae
578 1883 718 1962 globosa
733 1898 766 1947 et
786 1883 932 1947 maxima
949 1897 1038 1962 sunt,

72 1985 213 2068 singula
235 1983 328 2046 enim
351 1997 477 2045 sextam
499 1982 628 2047 circiter
641 2001 771 2064 partem
793 2009 888 2050 areae
912 1988 1039 2050 micro·

68 2091 191 2162 metri,
216 2107 301 2167 quae
323 2085 522 2168 vigesimam
547 2087 696 2165 quintam
719 2087 831 2151 lineae
854 2092 1037 2170 quadratae
1124 2146 1127 2151 ,

69 2205 205 2277 partem
228 2191 403 2270 adaequat,
427 2187 490 2249 sibi
514 2186 704 2261 vindicant,
734 2192 794 2253 vel
818 2192 1037 2256 centesimam

10 2308 13 2313 '
69 2311 107 2361 et
130 2294 445 2376 quinquagesimam
465 2290 578 2353 lineae
608 2292 787 2372 quadratae
818 2309 950 2376 partem
972 2319 1038 2360 ma·
1210 2345 1213 2353 ,

40 2397 256 2489 ιςιιὶῑυάὶηε
284 2396 461 2478 attingunt.
506 2393 638 2455 Tunica
668 2407 806 2456 externa
837 2400 877 2457 ab
901 2396 1036 2462 inteina
1131 2384 1132 2387 Ἴ

10 2502 12 2507 ’
68 2503 266 2582 valdopere
290 2497 397 2573 distat,
421 2495 471 2557 uti
494 2497 612 2557 Goaza
637 2497 722 2559 Tab.
744 2513 798 2575 31.
820 2497 861 2559 B.
882 2498 967 2581 mg.-
983 2511 1035 2572 ιε,

66 2587 259 2672 οεῑὶεᾘθηε
282 2599 455 2681 expressit.
838 2594 839 2597 ’

51 2780 55 2787 ff
152 2692 263 2768 '‘Am.
291 2705 493 2765 Bnansaaus
523 2697 625 2762 etiam
649 2697 831 2781 specimina
868 2699 959 2764 misit
994 2699 1034 2766 in

10 2801 41 2877 ἒ
65 2815 156 2877 Pico
179 2804 287 2870 viridi
310 2820 451 2886 reperta,
476 2824 623 2884 quorum
644 2805 823 2865 rostellum
845 2803 959 2884 capitis
980 2827 1032 2870 re.

18 2900 46 2961 ἕ
64 2896 214 2978 tractum
233 2921 298 2986 est,
330 2929 418 2986 quae
441 2920 591 2968 ceterum
614 2900 736 2968 'autem
758 2899 835 2968 cu'm
851 2900 1030 2991 descriptis

10 3029 38 3069 1-
64 3014 300 3086 conveniunt,
335 3010 436 3071 simul
458 3024 573 3072 autem
595 3009 780 3089 explicant,
813 3012 917 3090 quar'e
941 2996 1032 3074 Cata·

10 3123 25 3175 r'
65 3122 170 3201 logus
187 3114 411 3178 ¹Viennensis
439 3114 526 3194 typis
553 3109 737 3192 impressus
770 3109 936 3173 Taeniarn
965 3134 1031 3176 cra-

66 3221 283 3285 teriformem
303 3218 346 3279 ad
366 3217 409 3282 T.
433 3227 610 3286 arenatam,
633 3233 747 3292 neque
760 3211 846 3273 hanc
868 3211 910 3275 ad
932 3214 1029 3278 illam

10 3378 46 3405 n,
68 3324 196 3397 refert,
240 3321 333 3402 quod
372 3317 446 3399 ipse
487 3316 652 3397 praefero.
710 3313 900 3394 Specimina
936 3315 1030 3379 enim

10 3404 39 3522 Ξ
67 3423 186 3491 Musei
210 3424 356 3487 caesarei
376 3434 523 3482 rostrum
538 3431 704 3482 armatum
716 3435 789 3478 non
800 3418 1027 3507 protulerunt,

10 3585 40 3633 ῃ
67 3530 161 3612 quod
184 3526 258 3608 ipse
280 3525 365 3590 vidi.
687 3604 689 3609 ,
1008 3606 1009 3611 η

175 3620 248 3697 cet.
270 3633 455 3692 Tarurnsa
474 3622 512 3687 in
532 3621 815 3708 UpupaeEpopis
835 3619 1030 3705 abdomine,

66 3735 147 3801 circa
171 3755 289 3812 renes,
320 3727 416 3814 Majo
444 3745 562 3791 mense
589 3726 755 3787 Taeniam
784 3724 912 3809 reperit
939 3746 1031 3788 com·

257 3827 259 3836 ’
673 3827 774 3894 Lla
