2452 4478
382 279 663 363 ..492-

44 436 175 504 vermis
187 430 357 520 pellucido
374 436 642 518 distinguuntur3
656 435 809 520 ipsorum
832 437 941 522 apices
954 462 1009 503 au.

45 560 114 607 tern
134 560 199 604 tant
220 558 409 604 extrorsum
426 560 525 618 qnam
540 545 723 603 introrsum
738 545 867 614 (versus
883 541 1020 649 lineamx

49 646 259 722 medianam)
283 642 387 723 magis
410 657 552 724 turgent,
575 659 611 705 ut
624 662 699 725 pars
712 642 910 707 intermedia
934 652 1043 733 'ova-³„-

50 749 180 810 riorum
203 749 339 809 tenuior
362 745 482 826 passim
507 746 576 809 fere
599 759 790 815 evanescat,
805 759 840 806 et
868 748 911 809 de
934 769 1011 826 qua-

54 848 200 931 druplici
234 850 430 910 ovariorurn
465 847 550 910 serie
582 847 721 928 ,cogitari
756 846 871 930 possit.
935 850 1012 911 Ova

54 932 206 1036 globosa,
229 973 350 1032 parva,
373 939 618 1031 copiosissima
641 971 788 1029 quornm
814 948 1013 1031 magnitudi-

54 1055 108 1117 nis
131 1055 262 1115 ratione
285 1053 411 1126 habita,
432 1073 591 1134 magnum
618 1051 706 1114 inte-1·
728 1051 870 1115 chorion
892 1067 926 1116 et
949 1076 1013 1115 am-

55 1156 142 1221 nion
165 1155 258 1217 adest
278 1154 507 1218 interstitium.

165 1270 305 1333 Animal
333 1272 580 1354 lepidissimum
611 1293 688 1361 curn
723 1272 1013 1354 Bothriocephalo

57 1373 257 1438 vecticiilato
283 1376 539 1438 Cestoideorum
560 1373 762 1455 elegantiae.
807 1379 915 1456 Caput
929 1379 1014 1440 Tae·

51 1478 136 1541 niae
168 1477 310 1538 iestivae
343 1476 585 1556 majusculum,
618 1477 835 1560 sirvulgares
869 1479 1015 1541 Taenias

59 1582 181 1653 sumis,
220 1579 420 1658 equinorum
452 1593 565 1691 antem
600 1576 740 1641 'ratione
777 1580 911 1656 habita,
946 1593 1017 1664 per·
1084 1597 1087 1603 '

59 1703 218 1767 parvum

151 1800 234 1862 Obs.
256 1795 528 1873 Halrnaturus‚
518 1819 553 1858 rn
574 1816 642 1876 quo
664 1797 812 1860 Taeniae
833 1799 1018 1883 descriptae

61 1918 97 1968 et
107 1901 268 1964 Drstotna
289 1896 480 1981 hepaticurn
499 1913 631 1979 reperta
652 1912 739 1971 sunt,
764 1900 800 1959 in
813 1901 929 1963 Nova
934 1905 1018 1966 Hol

60 2007 179 2069 landia
202 2008 331 2086 genitus
356 2018 389 2067 et
411 2020 504 2084 pater
524 2000 662 2062 illorum
686 2001 760 2080 tuit,
788 2023 874 2082 qnos
904 2008 1019 2069 Caesa·

63 2112 165 2172 reum
197 2107 486 2187 theriotropheurn
508 2103 839 2165 Schoenbrunnense
852 2113 855 2116 ’
868 2109 1021 2174 continet

61 2198 297 2274 Haimaturos.
350 2212 392 2270 In
422 2211 475 2270 his
503 2226 679 2286 nunquam
704 2205 860 2268 Entozoa
889 2229 1020 2293 reperta

62 2326 154 2378 sunt.
198 2314 251 2374 Ita
273 2312 372 2373 etiam
396 2311 518 2401 §aviae
542 2312 699 2390 Cobayae
721 2307 919 2394 irs-Europa
947 2337 1021 2396 pro.

62 2427 208 2498 pagatae
238 2416 390 2474 entozois
416 2415 642 2490 ferecarent,
673 2408 762 2473 coni.
792 2410 875 2495 Ops.
903 2436 1021 2482 secun.

63 2520 147 2581 dam
168 2515 203 2578 in
224 2500 438 2578 Pentastorn'a
458 2513 701 2598 emarginatum
722 2532 757 2574 n.
779 2527 812 2589 3.
839 2537 871 2597 p.
893 2532 965 2596 433,

122 2693 158 2766 9.
184 2673 321 2747 Taenia
347 2642 597 2767 omphalodes,
613 2675 839 2743 Herrntann.

113 2822 117 2829 '
178 2819 366 2900 specimina
393 2822 430 2880 in
459 2818 625 2902 intestinis
654 2817 953 2900 Murts'ampttbo·
978 2848 1024 2890 re-

66 2928 166 3008 pert'a
188 2923 387 2985 Bnattsnnos‘
411 2936 525 2984 noster
544 2919 634 2981 misit
656 2919 735 2992 duo,
747 2932 812 2981 tres
836 2938 1032 3001 quatuorve

67 3019 215 3108 pbi'lices
245 3027 364 3104 longa,
398 3023 585 3106 posteriora
612 3040 730 3084 versus
761 3021 887 3084 lineam
920 3028 1026 3097 latitu.

75 3126 156 3188 dine
178 3127 379 3207 superantia,
401 3124 610 3205 tertiumque
630 3125 825 3197 tenellum,
837 3135 1025 3212 angustissi

69 3222 182 3302 mum,
197 3227 314 3310 capi-tis
337 3224 463 3290 osculis
476 3228 549 3293 fere
571 3225 651 3289 solis
658 3224 824 3347 protrnsis
838 3240 871 3297 et
891 3237 1025 3320 reliquo
1064 3242 1069 3251 '

71 3328 184 3413 rapite
207 3331 278 3395 fere
298 3331 411 3396 nullo.
592 3337 596 3345 '

183 3450 271 3511 Idem
291 3447 387 3511 dedit
403 3445 586 3532 specimina
610 3444 813 3530 complura
804 3470 839 3511 rn
860 3452 1027 3528 intestinis

69 3550 185 3614 Muris
201 3552 359 3614 arvalis
349 3568 505 3627 menta,
536 3550 621 3610 duos
644 3551 685 3610 ad
708 3549 859 3633 quinque
886 3563 1029 3661 pollices

71 3644 206 3736 longa,
216 3655 344 3733 postice
366 3654 490 3737 passim
511 3653 592 3714 duas
614 3648 721 3723 lineas
740 3648 818 3719 iata.

183 3769 291 3853 Caput
326 3773 541 3848 obconicum
554 3771 628 3834 sive
666 3774 940 3862 subterragonum
975 3756 1031 3848 an-

70 3889 224 3955 norsum
247 3862 428 3974 dilatatnm,
450 3875 567 3979 osculis
574 3856 767 3961 profundis
794 3879 1032 3987 hemisphaeri-
