2452 4478
407 273 459 339 ἑά
510 283 580 358 sat
633 301 686 328 ·-

63 427 258 515 Septembri·
274 450 407 508 mense,
432 430 469 496 in
491 436 616 500 Museo
645 431 820 507 Tioinensi
842 436 1015 521 aptrdnel.

22 567 25 575 ·
61 536 274 597 Ssanamnnr
292 535 415 599 iterum
438 537 640 614 observavi,
665 541 701 600 in
724 537 842 619 spiritu
864 542 1016 609 colorem

63 636 312 701 conservantia.
357 639 495 720 Singula
515 640 653 716 minuta,
673 634 874 721 inaequalia,
896 641 1014 705 micro-

37 741 174 822 'seopii
197 760 262 820 ope
279 740 439 820 granulis
468 755 619 805 constare
647 742 801 809 mihimet
823 743 919 823 visa„
947 737 1015 819 ¹euti

60 846 140 907 laxe
161 840 383 916 inhaerentia,
404 842 476 906 fere
498 865 559 925 pro
581 844 710 926 hepatis
739 842 936 909 rudimentis
959 842 1014 905 ha·

60 948 201 1017 berem;
227 943 289 1006 cel.
318 943 541 1026 Sannmmrr,
563 946 606 1015 ni
627 948 760 1022 fallor,
771 947 814 1015 ad
840 943 1013 1021 branchias

56 1045 235 1129 pertinere
252 1042 341 1113 nisa.
654 1094 658 1107 .

171 1147 243 1210 Cel
263 1145 417 1217 Roianus
439 1149 513 1214 bc.
535 1152 682 1231 quadam
708 1172 731 1217 a
754 1147 859 1230 capite
880 1145 1013 1215 Ascari·

62 1250 113 1311 dis
145 1247 376 1314 lumbricoidis
419 1250 569 1315 distantia
600 1275 709 1335 prope
740 1270 822 1314 vasa
863 1245 1011 1311 lateralia

59 1349 223 1429 utrinque
251 1347 349 1412 binos
379 1352 553 1416 fasciculos
584 1356 726 1426 villosos
756 1356 897 1417 obscure
920 1351 1011 1419 colo«

60 1458 150 1538 ratos
175 1470 351 1514 occurrere
372 1454 483 1532 refert,
505 1456 722 1523 haudeitacte
740 1453 803 1515 sibi
825 1453 1011 1533 oppositou

12 1613 15 1625 ‚
61 1568 193 1636 semper
220 1566 332 1622 tamen
362 1557 472 1636 binos,
505 1570 539 1621 et
571 1559 613 1619 ad
640 1556 801 1638 pollicem
828 1552 1012 1614 dimidium

61 1655 255 1727 circa‘inter
274 1675 310 1718 se
332 1657 501 1726 distantes.
543 1661 658 1722 Partes
681 1659 742 1718 has
761 1676 941 1736 nunquam
958 1654 1012 1723 de,-

60 1757 221 1834 sitleravi,
243 1757 302 1817 sed
322 1758 461 1820 nonnisi
483 1763 577 1823 albas
597 1762 715 1842 reperi,
740 1773 773 1827 et
788 1759 901 1819 lorsan
919 1756 1011 1836 justo

60 1859 202 1924 minoris
232 1859 353 1932 habui;
386 1863 460 1941 ipse
495 1864 612 1924 saltem
646 1883 722 1924 cum
754 1857 911 1942 genitalia
939 1876 1012 1919 non

60 1976 237 2042 tantopere
263 1942 450 2025 antrorsum
479 1963 659 2038 ducantur,
700 1976 733 2026 et
766 1959 911 2023 anterior
940 1956 1012 2023 tubi

58 2060 259 2131 intestinalis
280 2081 355 2142 pars
376 2061 510 2125 ibidem.
527 2064 635 2143 posita
657 2062 707 2136 sit,
731 2064 905 2143 vulgarem
927 2057 1010 2130 cutis

59 2177 254 2248 apparatum
275 2161 440 2224 hocloco
462 2166 499 2225 in
519 2163 608 2245 ejus,
631 2177 748 2244 utpote
776 2163 896 2230 fortius
916 2180 1012 2242 agen·

57 2267 112 2342 ris,
136 2283 235 2326 usum
258 2277 392 2326 auctu-m
415 2284 486 2326 esse
509 2265 692 2346 suspicatus
716 2283 802 2330 sum.
846 2267 918 2338 Cel,
932 2263 1009 2337 ‚Vis

55 2380 175 2435 autem
193 2386 306 2446 neque
326 2367 368 2427 de
389 2366 578 2445 iamneque,
596 2367 643 2449 ¹tle
664 2366 800 2445 reliquis
818 2369 966 2448 partibus
988 2387 1009 2439 tt

55 2489 99 2533 se
120 2467 292 2546 descriptis
319 2471 522 2537 sententiam·
546 2488 641 2533 suam
662 2466 799 2548 adjecit,
833 2467 926 2548 quod
952 2466 1012 2540 titi-

56 2592 131 2658 que
154 2570 340 2633 dolendum
360 2557 422 2635 est.
956 2592 959 2597 ·

58 2729 62 2737 .
109 2694 129 2742 s
157 2673 203 2739 In
223 2673 393 2761 Strongyli
413 2669 609 2735 intestinum
623 2673 743 2733 tubum
763 2668 939 2754 ovigerum
952 2671 1011 2735 mi.

53 2772 158 2841 nime
180 2773 325 2856 immitti,
345 2777 394 2842 uti
416 2775 479 2843 cel·
503 2773 611 2845 0990,
627 2769 749 2848 retulit,
770 2771 807 2842 in
829 2770 1012 2857 Capitis'ita

54 2876 232 2958 sequentis
250 2877 278 2954 ὃ.
303 2892 343 2963 ι..
356 2898 535 2959 exponam.

167 2981 291 3042 Forma
310 2991 445 3042 tractus
479 2976 680 3048 intestinalis
717 2975 861 3049 maxims
895 2973 1013 3054 variat·

54 3083 256 3163 multaeque
277 3086 477 3163 praesertim.-
492 3081 672 3145 Ascarides
701 3078 793 3144 illius
821 3077 1012 3145 discrimine

54 3184 173 3250 notari
193 3198 348 3265 possent,
369 3197 406 3250 ut
425 3184 550 3264 figurae
570 3182 643 3249 illas
660 3182 835 3250 varietates
859 3181 1016 3264 colligen-

56 3298 116 3351 tes·
135 3297 307 3365 exoptatae
336 3285 460 3353 forent
511 3285 676 3348 conferas
703 3306 737 3352 v.
759 3306 815 3366 ‚gra
846 3280 1014 3364 descripti·

57 3407 147 3451 ones
170 3386 371 3457 Ascaridum
401 3387 539 3467 gulosae
564 3409 596 3468 p.
634 3402 713 3466 271.
714 3383 957 3468 dactyluridis
980 3405 1014 3466 p.

55 3504 139 3571 979
161 3487 332 3554 echinatae
359 3503 392 3558 et
415 3487 623 3572 megatyphli
650 3510 685 3570 p·
714 3497 787 3567 285·
815 3498 1016 3607 extenuatae

57 3611 99 3677 p.
120 3596 195 3670 987
218 3575 320 3660 datas

70 3730 87 3762 ;,
149 3693 180 3771 §
189 3708 218 3754 9
231 3695 536 3777 Echinorhynellam
545 3692 758 3769 amntlosum,
781 3711 882 3774 supra
894 3712 930 3773 Ρ.
942 3701 1017 3769 334

58 3791 272 3877 descriptum
280 3794 428 3874 Neapoli
439 3793 654 3876 reperiendo,
666 3815 747 3858 vasa
759 3797 907 3878 corporis
918 3791 1017 3856 Echi·

60 3895 255 3982 norhynshi
279 3908 419 3961 cutanea
434 3897 520 3970 mihi
540 3897 691 3981 primum
704 3896 790 3963 ‘visa
810 3916 896 3976 esse,
917 3896 1020 3959 faten-
