2408 4478
542 292 828 370 -452·-·

204 479 286 523 mox
308 474 443 527 omnes,
469 471 551 513 mox
580 470 649 510 una
670 449 820 512 alterave
845 460 994 512 tantum
1024 468 1168 521 exsertae.

207 560 330 641 Corpus
353 570 499 629 rectum,
529 551 558 612 si
584 566 682 632 caput
704 565 858 633 spectas,
901 552 1090 636 exiguum,
1119 560 1169 623 hoc

207 657 379 743 angustius
403 673 573 736 saepeque
598 651 755 732 brevius,
777 652 912 736 papilla
940 655 1103 749 tenuiore
1123 676 1169 726 ter·

210 765 397 832 minatum,
421 754 575 835 undique
591 753 799 836 corpusculis
827 756 1016 841 rotundis,
1039 782 1083 823 an
1110 763 1169 826 orit

112 872 115 879 '
208 857 385 945 globosis?
408 859 587 939 repletum.

311 977 460 1058 Neapoli
484 976 505 1036 J
509 975 591 1035 unio
614 975 703 1038 inter
724 977 877 1041 Scombti
897 982 1041 1043 Surdae
1060 984 1167 1048 tunicas

172 1084 176 1090 '
207 1078 393 1143 ventriculi
412 1078 595 1157 complura,
619 1076 770 1139 intestini
797 1094 922 1142 autem
948 1104 1078 1159 unum,
1096 1109 1167 1169 repe·

206 1181 236 1243 1i
257 1178 460 1261 specimina,
482 1177 742 1258 proboscidibus
764 1200 840 1241 non
864 1186 1087 1265 computatis
1107 1190 1166 1250 line·

205 1302 264 1343 am
285 1296 320 1345 et
341 1281 435 1360 quod
459 1278 611 1343 excurrit
632 1282 746 1362 longa.

316 1400 533 1463 Proboscides
559 1397 596 1459 in
619 1397 671 1459 his
694 1399 814 1479 passim
843 1384 947 1468 totae
970 1418 1112 1485 teretes,
1133 1408 1165 1471 in

144 1570 150 1585 ¹
208 1502 342 1565 terdum
366 1515 482 1562 autem
503 1520 623 1563 versus
646 1502 813 1565 anteriora
845 1508 1117 1591 quadrangulae
1132 1512 1181 1575 ri..

208 1622 267 1667 sae
289 1618 377 1667 sunt.
420 1604 565 1664 Bochria
583 1600 714 1683 singula
737 1604 854 1666 biloba
876 1626 1084 1691 sexcostata
1106 1615 1164 1689 vidi,

130 1686 133 1691 ⁵
210 1726 280 1785 quo
303 1720 391 1765 totus
414 1702 688 1784 Tetra'rhynchus
718 1705 828 1769 amice
859 1725 1023 1775 costatus
1055 1738 1164 1801 appare

209 1819 253 1867 at.
302 1804 337 1866 Si
364 1804 581 1885 proboscides
617 1820 773 1871 retractae
802 1824 904 1887 sunt,
950 1835 1081 1879 eorum
1108 1820 1164 1881 loco

210 1920 335 1990 puncta
356 1920 504 1987 quatuor
528 1908 669 1967 obscura
697 1907 734 1969 in
762 1930 1009 1993 conspectum
1032 1919 1164 1993 venienti

210 2008 241 2071 ei
272 2008 377 2071 emitti
414 2005 596 2087 incipiunt,
613 2005 786 2073 interdum
817 2014 923 2097 apice
955 2024 1164 2106 subglobocac

209 2108 383 2173 videntur.

318 2226 446 2285 Totum
467 2245 588 2306 corpus
613 2248 687 2289 cum
712 2229 818 2312 capite
841 2250 876 2299 et
900 2245 1043 2323 papilla
1060 2240 1162 2308 caudali

209 2328 444 2412 granulosum,
482 2342 537 2388 aut
568 2333 775 2410 corpusculis
814 2342 1077 2423 subrotundis‚
1113 2348 1160 2409 fert

212 2432 368 2493 ovalibns
396 2429 556 2489 refertum
591 2432 735 2498 videtur.
800 2437 882 2499 Ova
924 2458 1045 2508 totum
1077 2451 1159 2511 Tetra·

208 2533 399 2615 rhynchum
421 2532 552 2609 replere
574 2532 646 2596 fere
669 2536 776 2597 fidem
797 2557 955 2622 superat,
988 2562 1030 2612 ut
1051 2552 1093 2616 de
1116 2548 1159 2613 itl'u

209 2634 333 2697 dubius
356 2632 490 2694 relictus
514 2628 588 2695 sim.

323 2752 401 2815 Obs.
427 2749 565 2811 Vermis
590 2752 712 2816 dubius
734 2757 813 2822 En‘t.
841 2760 898 2828 Π.
934 2779 969 2830 2.
992 2790 1031 2849 p.
1054 2770 1158 2845 284'11·

210 2870 264 2934 39.
286 2877 307 2915 a
330 2856 369 2914 cl.
392 2870 613 2928 mcpnmmnn
634 2854 723 2920 inter
741 2863 968 2929 membranas
993 2871 1115 2953 Sepiae
1130 2867 1158 2931 ri·

110 2964 115 2973 '
210 2977 304 3019 scera
325 2954 544 3014 involventes
565 2972 729 3037 repertus,
752 2961 932 3040 polliceris
951 2971 1091 3050 dicitur,
1102 2972 1157 3035 aliat

210 3057 279 3120 huc
297 3055 381 3117 trahi
403 3068 532 3134 possen
555 3056 830 3141 Tetrarhynchus
855 3069 987 3134 saltem
1012 3058 1147 3139 videtur.

317 3155 498 3218 Fasciolam
535 3155 706 3221 barbatam
741 3161 917 3244 Lmnanr,
958 3195 979 3235 a
1008 3160 1158 3239 Mur-nt

208 3261 440 3321 Rocsnnsson
462 3257 498 3318 in
512 3255 679 3321 intestinis
696 3261 865 3345 Loliginis
891 3290 1088 3355 repertam,
1102 3278 1157 3339 Eut·

207 3362 258 3423 H.
282 3376 310 3423 a.
331 3382 364 3441 p.
386 3372 460 3438 285.
488 3382 521 3423 n.
545 3376 598 3436 40.
619 3360 686 3423 huc
708 3365 894 3449 pertinere,
932 3394 1014 3438 non
1048 3378 1157 3446 dubitor

208 3459 468 3541 Tetrarhyncho
505 3461 596 3525 enim
634 3487 706 3526 non
740 3465 816 3529 satis
851 3490 870 3530 a
917 3495 1029 3542 muco
1068 3482 1157 3544 libera

210 3572 246 3621 to
277 3565 494 3640 proboscides
526 3566 642 3646 plures
675 3588 775 3648 quam
802 3583 960 3649 quatuor
989 3566 1156 3647 adesseri

212 3659 345 3721 dentur.

319 3777 375 3837 De
394 3798 512 3847 verme
535 3798 654 3860 autem,
678 3805 781 3866 quem
802 3772 902 3853 Rm
923 3791 966 3857 in
990 3801 1153 3886 Polypitu·

210 3874 356 3937 herculis
379 3885 560 3950 ventriculi
582 3900 754 3969 repertum
785 3891 970 3980 describit,
1001 3903 1089 3968 nihil
1104 3916 1153 3985 pro·
