2408 4478
385 311 439 338 -
490 294 566 368 ²¹3
616 308 672 341 -1

42 442 166 519 decim,
210 445 349 505 alteram
373 443 563 509 octodecim
584 443 690 508 lineas
712 448 859 532 longam,
901 437 1006 516 flavo·
1079 444 1081 449 ’

40 547 290 620 rufesccntem,
314 562 504 610 antrorsum
528 561 740 624 attenuatam,
784 554 911 633 capitis
932 562 1010 614 acui

10 706 12 710 .
42 648 183 711 tiusculi
205 671 258 711 ore
279 651 421 730 exiguo,
450 650 544 731 apice
566 653 696 733 postico
721 655 855 717 obtuso.
899 659 1006 718 Intes-

37 755 153 813 tinum
185 766 314 823 rectum
351 754 576 836 subaequale,
620 755 661 815 ab
702 775 762 816 ore
798 758 841 816 ad
874 757 1006 837 apicem

10 855 175 921 ;caudae
220 867 425 936 porrectum.
492 854 662 919 Genitalia
705 857 890 938 conspicua
931 875 1005 919 non
1085 923 1086 927 ,

10 957 226 1028 ilnerunt.

155 1060 200 1118 In
236 1056 426 1119 minoribus
464 1079 601 1156 quoque
644 1062 828 1134 tuberculis
863 1056 1004 1122 Filarias

10 1193 20 1233 ι
45 1159 213 1224 solitarias
235 1161 354 1243 reperi,
377 1161 438 1222 sed
460 1164 569 1222 multo
591 1163 741 1226 minores
764 1175 797 1222 et
818 1164 1005 1234 tenuiores,

10 1264 285 1338 {luscescentem
307 1275 466 1338 mortuas,
490 1263 664 1345 (indeque
686 1261 858 1342 forsan)
848 1280 1006 1342 inaequa-

10 1400 25 1440 ς
47 1367 114 1439 les;
136 1387 221 1426 num
244 1366 381 1428 easdem
403 1388 441 1428 ac
461 1365 632 1447 majores?

10 1490 38 1543 ,ρ
155 1469 250 1528 Num
272 1466 397 1529 Filaria
417 1469 475 1546 (n.
498 1474 558 1547 51)
578 1468 695 1534 Musei
708 1463 925 1534 Viennensis
946 1462 1005 1528 sub

10 1604 31 1647 a
49 1585 122 1635 cuce
140 1572 259 1632 Ranae
281 1572 473 1633 esculentae
496 1588 629 1652 reperta
650 1575 719 1637 huc
738 1563 907 1657 pertinet?
977 1586 997 1617 -'

10 1707 33 1752 ⁵
103 1729 163 1785 12.
188 1710 323 1782 Filaria
348 1730 455 1784 ovata
477 1714 574 1784 Zau

10 1809 102 1898 ¹.
158 1842 241 1904 Am.
265 1845 386 1904 Garun
407 1840 570 1904 Filariam
592 1840 729 1905 attulit
719 1864 756 1904 1n
780 1841 918 1927 Cyprini
943 1839 1008 1905 Go-

49 1946 160 2010 sionis
183 1945 366 2008 abdomine
389 1966 408 2006 a
432 1963 468 2008 se
489 1958 666 2025 repertam,
689 1945 750 2008 sed
770 1942 898 2008 brevi
889 1956 1010 2004 rnteta

44 2067 114 2113 nea
148 2048 397 2123 effundentem,
431 2067 500 2127 quo
532 2047 656 2109 factum
684 2060 742 2122 est,
770 2061 809 2110 ut
836 2058 1009 2107 entozoon

44 2163 268 2231 corrugatum
305 2152 546 2226 collaberetur,
588 2162 624 2213 et
662 2171 771 2270 pauca
808 2146 1011 2231 dignoscere
1110 2180 1113 2185 ,

40 2252 181 2317 liceret
988 2276 991 2281 ·
1023 2240 1024 2244 ¹

163 2355 291 2438 Corpus
312 2366 502 2417 antrorsum
522 2365 741 2418 attenuatum.
788 2353 902 2437 Caput
923 2369 1011 2417 num

14 2478 135 2524 ⁴uere
160 2455 323 2520 ovatum?
349 2460 466 2520 Gauda
488 2459 702 2538 emarginata.

10 1910 31 1952 a·

10 2015 27 2055 ι

10 2096 20 2163 lg

161 2559 206 2621 In
235 2562 396 2642 Catalogo
422 2563 662 2622 Entozoorum
690 2555 805 2621 Musei
830 2556 1009 2623 Viennen·
1042 2624 1044 2628 Α
1147 2609 1152 2627 .

36 2663 94 2727 sis
119 2663 205 2725 haec
227 2663 356 2745 species
377 2675 444 2722 tarn
465 2664 501 2721 in
526 2661 708 2728 abdomine
732 2658 873 2744 Cypriaci
891 2659 1010 2724 Gabio-

33 2772 103 2832 mis
131 2786 234 2846 quam
261 2763 300 2826 in
327 2764 451 2845 hepate
484 2763 584 2846 Cypr.
609 2765 759 2827 Phoeni
778 2774 910 2844 reperta
930 2780 1010 2826 enu-

35 2883 212 2933 metatur.

107 3033 165 3105 ¹4-
191 3023 324 3096 Filaria
349 3025 529 3120 papillosa
553 3031 600 3100 R.

61 3218 64 3224 ·
158 3186 204 3246 In
226 3187 421 3259 Annalibus
441 3187 582 3252 medicis
603 3179 791 3250 Austriacis
825 3175 1015 3265 (Medicin.
1062 3173 1064 3179 ¹

36 3281 262 3351 Jahrbtrcher
297 3295 355 3355 des
389 3294 432 3355 K.
461 3293 505 3353 K.
536 3290 838 3355 dsterreichischen
874 3288 1014 3350 Staatets·

36 3404 80 3451 3.
104 3389 146 3453 B.
170 3407 202 3455 a.
226 3393 270 3456 St.
293 3393 411 3456 Wien.
440 3405 533 3471 1813.
560 3401 593 3467 8.
624 3397 657 3460 S.
684 3392 896 3474 174-178.)
918 3403 1013 3448 casus

37 3503 206 3553 narratur
226 3497 369 3559 Filariae
391 3498 579 3579 papillosae
606 3495 644 3557 iu
672 3497 789 3559 dextro
811 3495 887 3578 equi
910 3490 1013 3556 oculo

35 3610 113 3676 per
135 3588 433 3679 aliquod‘tempus
456 3600 561 3663 vivae
585 3601 799 3663 observatae.

162 3696 294 3760 Oculus
325 3699 410 3761 lucis
433 3721 536 3764 sensu
557 3702 649 3762 haud
672 3703 818 3772 carebat,
862 3708 1015 3761 ceterum

35 3798 200 3860 rnaxime
228 3802 358 3875 laesus3
403 3821 525 3866 cornea
561 3806 701 3865 maculis
737 3799 852 3864 multis
882 3796 1015 3882 exiguis

36 3899 167 3984 opacis
188 3901 341 3976 foedata3
362 3924 474 3985 neque
496 3907 643 3988 pupilla,
666 3924 781 3984 neque
801 3901 860 3965 iris
885 3896 1006 3980 conspi
