2452 4478
466 354 473 369 .
559 267 840 340 -oso-

232 446 312 490 cum
329 444 414 488 vero
437 418 544 483 nostri
566 439 700 483 vermes
720 415 822 482 variis
839 406 933 481 notis
945 421 1099 485 maxime
1114 441 1177 485 con.

231 525 386 592 veniunt.
431 521 559 583 Similia
581 521 681 584 etiam
710 521 767 580 fila
791 518 1084 604 Echinorhynchi
1108 526 1176 587 lem-

229 627 340 692 niscos
362 623 551 703 revincunt,
575 624 668 703 quod
689 636 837 711 nostram
859 624 1070 687 sententiam
1088 626 1178 687 mari·

230 750 285 790 me
314 725 503 799 confirmat,
539 724 589 785 illi
624 723 716 786 enim'
744 735 859 804 aperte
895 710 1026 805 organa
1056 727 1179 788 nutritia

217 842 327 908 suut,
356 847 469 906 neque
491 823 628 904 reliquis
649 825 733 886 locis
756 826 812 886 fila
834 818 1178 911 in'Echinorhyuc'no

232 940 429 1003 occurrunt,
459 928 520 986 ubi
551 925 637 987 nihil
658 924 922 989 revinciendum
948 943 1011 1008 est,
1038 944 1075 993 et
1092 934 1181 991 nuni.

126 1038 131 1049 '
220 1031 281 1105 ,tio
306 1030 369 1091 alia
390 1031 503 1090 locum
516 1027 627 1105 habet,
648 1028 696 1088 nti
714 1027 974 1109 inparagrapho
987 1029 1180 1115 insequente

225 1130 428 1214 exponitur.-

338 1232 372 1295 si
393 1232 450 1291 fila
471 1231 528 1292 illa
545 1229 696 1294 tracheae
718 1231 846 1307 forent,
871 1224 1109 1300 Nemetoidea
1130 1236 1182 1299 hac

232 1339 362 1400 ra'tione
384 1331 523 1394 adbuc
514 1347 641 1395 insecta
661 1346 870 1413 superarent,
893 1356 976 1397 nam
998 1336 1180 1402 innumeris

233 1440 317 1501 locis
338 1449 451 1497 cutem
472 1447 607 1515 petunt,
636 1435 730 1515 cujus
759 1437 923 1499 foramina
949 1441 992 1503 cl.
1012 1433 1171 1505 Oano'
1142 1463 1180 1502 vr·

228 1541 312 1603 dere
333 1536 396 1599 sibi
417 1535 510 1599 visus
532 1552 592 1613 est,
615 1537 726 1599 dum
717 1543 922 1601 insectorum
945 1539 1180 1657 stigmatapau·

233 1665 273 1705 ca
296 1654 383 1719 sunt,
406 1639 465 1702 sed
478 1638 652 1701 foramina
673 1640 732 1703 illa
748 1640 991 1723 mihiquidem
1012 1644 1104 1709 nihil
1124 1644 1181 1707 nisi
1218 1704 1220 1719 ,

234 1748 310 1808 loca
331 1743 508 1816 teneriora,
530 1742 669 1822 reliquis
692 1744 840 1826 partibus
863 1740 1002 1820 ablatis,
1034 1746 1129 1809 haud
1147 1760 1181 1808 ta
1217 1728 1220 1829 Ι

232 1867 314 1910 men
336 1845 502 1926 perforata
523 1841 695 1912 videntur
741 1843 933 1926 Respiratio
963 1845 997 1907 si
1019 1847 1183 1912 Nematoi·

234 1947 307 2010 deis
330 1947 389 2009 vel
410 1944 510 2008 etiam
531 1945 669 2025 reliquis
690 1944 853 2009 Entozois
876 1949 1102 2032 conceditur,
1123 1970 1182 2013 ruo

235 2051 280 2112 do
303 2049 462 2109 omnibus
483 2046 669 2109 Vermibus
689 2036 897 2110 Linnaeanis
921 2047 1058 2126 alieno,
1082 2068 1116 2115 et
1136 2054 1181 2113 In·

234 2153 331 2213 sectis
355 2150 434 2209 solis
460 2162 684 2228 competente,
709 2147 888 2210 certissime
910 2168 989 2209 non
1009 2152 1180 2232 perficitur,

233 2254 294 2316 sed
317 2248 512 2329 simpliciori
533 2263 566 2311 et
589 2250 671 2311 cutis
693 2249 830 2330 quidem
853 2269 936 2330 ope,
967 2273 1062 2331 qnae
1086 2254 1179 2336 magis

235 2350 420 2433 composita
445 2363 504 2423 est,
528 2371 565 2410 ac
587 2353 692 2433 vulgo
715 2352 868 2414 creditur.

341 2452 512 2532 Strongyli
550 2455 667 2514 saltem
696 2468 729 2514 et
755 2451 927 2514 Ascaridis
951 2457 1177 2521 lumbricoidis

233 2553 316 2615 cutis
340 2553 499 2615 vesiculis
524 2553 657 2634 exiguis
679 2566 787 2627 scatet,
812 2557 851 2614 ab
867 2555 1024 2621 Orrour
1048 2565 1071 2625 l.
1097 2583 1124 2626 c.
1150 2583 1175 2640 p.

233 2670 308 2732 224.
332 2655 416 2716 circa
434 2657 542 2727 illurn,
565 2672 598 2716 et
621 2676 639 2714 a
662 2657 722 2720 cel.
739 2657 878 2716 Boiano
903 2660 1029 2736 (Russ.
1052 2665 1175 2724 Sarnml.

232 2758 280 2818 H.
304 2777 355 2820 ιν.
378 2779 411 2836 p.
434 2754 522 2832 552.)
546 2753 630 2819 circa
652 2756 737 2816 hanc
762 2759 932 2838 expositis,
959 2786 1107 2843 quarum
1127 2765 1174 2824 for·

205 2877 291 2925 ,san
314 2858 439 2917 humor
460 2871 548 2916 trans
579 2869 691 2919 cutem
720 2858 1015 2942 decarbonisatur,
1042 2865 1101 2930 ve]
1124 2863 1173 2925 alio

231 2959 334 3019 modo
358 2973 511 3019 mutatur

335 3062 415 3121 Illas
441 3074 574 3140 praeter
596 3059 819 3136 vesiculas,
810 3086 846 3123 ιιι
870 3066 1061 3166 Strongylo
1086 3068 1174 3151 gigan

232 3171 304 3237 teo,
327 3161 419 3222 sed
411 3184 446 3221 ιιι
469 3163 534 3222 hoc
570 3164 665 3236 solo,
703 3184 826 3244 organa
863 3170 979 3247 reperi
1005 3170 1175 3253 singularia,

231 3280 317 3339 quae
341 3263 380 3319 ab
397 3262 550 3322 Orroms
573 3285 644 3322 non
669 3264 752 3323 dicta
783 3282 853 3326 esse
878 3269 1030 3337 mireris.
1086 3267 1175 3334 Utriu-

231 3382 297 3440 que
323 3362 445 3423 scilicet
467 3366 505 3423 acl
531 3366 633 3424 latera
658 3365 730 3424 tubi
744 3362 865 3441 cibarii,
889 3390 1023 3450 partem
1048 3373 1174 3435 maxime

230 3462 372 3522 anticam
404 3479 436 3526 et
458 3466 620 3545 posticam
643 3465 671 3526 si
703 3469 887 3548 exceperis,
920 3479 1125 3557 corpuscula
1143 3474 1174 3534 lu

230 3580 284 3622 sca
307 3585 406 3640 quam
429 3567 581 3646 plurima,
604 3589 684 3627 mox
709 3569 870 3649 solitaria,
903 3596 989 3638 mox
1020 3577 1172 3661 copiosius

230 3662 378 3741 dispersa
399 3685 593 3741 occurrunt,
618 3691 704 3749 quae
725 3672 886 3733 Januario
916 3690 1001 3757 1817
1031 3685 1067 3742 in
1096 3673 1173 3761 speci

227 3762 377 3826 minibus
411 3771 579 3852 Strongyli
611 3772 759 3852 gigantei
787 3768 951 3840 femineis
985 3784 1120 3845 duobus
1141 3797 1171 3840 re

226 3863 380 3933 centibus
402 3872 551 3951 primum
572 3871 656 3949 vidi,
679 3875 759 3940 dein
781 3893 907 3961 autem,
931 3874 1091 3967 ejusdem
1111 3875 1168 3946 anni
