2452 4478
546 266 596 285 -
648 244 722 324 sna
775 199 867 299 ...⁹

219 423 279 465 um
302 397 496 462 distinctum
517 394 648 475 inveni.
692 394 839 459 Habitus
862 414 1057 467 nervorum
1079 405 1171 468 dicto·

219 488 295 563 rum
317 500 382 562 illis
405 498 563 562 Ascaridi
590 498 721 562 tributis
750 500 825 561 satis
849 501 974 565 similis
1004 507 1170 588 reperitur¹

221 589 282 668 sed
303 605 379 681 loco
402 603 583 675 recedunt,
615 599 790 664 Ascaridis
820 600 930 666 einim
953 627 999 670 ex
1023 610 1172 672 Orrosrs

220 719 335 773 mente
358 705 439 765 alter
462 702 620 782 dorsalis3
644 705 727 773 alter
750 704 976 770 abdominalis
998 725 1066 790 est,
1095 713 1173 775 Pen-

220 803 399 893 tsstomatis
423 819 534 889 autem
546 821 688 885 uterque
705 804 940 871 abdominalis.
985 809 1174 895 Argumen-

219 923 295 973 tum
316 906 456 969 tandem
477 905 814 991 superesuminoris
838 907 983 986 quidem
1004 916 1172 995 ponderis,

220 990 260 1075 si'
272 1010 429 1072 cultellus
451 1030 520 1071 rem
544 1007 708 1087 absolvit,
738 1029 830 1071 nunc
854 1023 972 1073 autem
993 1035 1069 1077 non
1092 1038 1173 1098 prae.

219 1111 433 1199 tereundum.
462 1107 719 1175 Pentastomatis
744 1107 836 1170 enirn
848 1113 949 1176 nervi
970 1112 1052 1177 illos
1069 1117 1174 1181 Stron-

220 1192 292 1299 ¹gyli
314 1224 520 1293 superarent,
546 1212 605 1291 qui
626 1212 669 1273 ad
690 1211 914 1274 Nematoidea
936 1215 1101 1294 pertinet,
1116 1218 1175 1281 ide·

221 1337 313 1403 oque
335 1317 411 1376 loco
435 1312 582 1375 alteriori
600 1314 739 1395 gaudet3
762 1314 875 1375 forsan
890 1330 1005 1377 autem
1023 1333 1174 1382 anatome

194 1416 197 1421 ’
222 1416 448 1501 speciminum
469 1412 661 1478 recentium
683 1436 703 1475 a
725 1414 785 1480 cel.
807 1413 883 1477 viro
908 1417 1077 1496 instituta,
1101 1440 1173 1485 eum

221 1517 364 1582 meliora
392 1516 520 1590 docuit,
555 1530 588 1577 et
619 1514 743 1577 animal
772 1515 858 1587 illud
887 1518 1105 1597 paradoxum
1134 1523 1175 1583 in·

221 1636 271 1686 ter
293 1621 407 1700 plures
432 1617 566 1680 ordines
591 1620 688 1698 quasi
713 1616 865 1682 medium
885 1639 975 1698 esse,
1002 1621 1107 1687 fateri
1128 1623 1176 1688 de·

219 1704 352 1786 bemus.

325 1814 356 1903 §.
378 1823 408 1900 ’5.
451 1806 549 1883 Haec
571 1805 643 1884 fere
666 1835 760 1897 sunt,
791 1842 875 1902 quae
904 1808 948 1886 de
971 1809 1096 1891 'nervis
1118 1812 1177 1889 'En-

223 1940 403 1988 tozoorum
425 1921 578 1997 referam,
601 1922 752 1985 Brauon
768 1926 863 1987 enim
885 1924 996 1989 solida
1021 1926 1178 1993 historiae

220 2012 379 2089 naturalis
400 2022 596 2105 cognitione
611 2025 746 2107 penitus
769 2026 977 2108 destitutum,
996 2033 1117 2092 omnia
1128 2029 1179 2092 mi·

220 2141 380 2201 mentem,
399 2139 454 2187 aut
475 2143 539 2206 pro
560 2126 670 2189 lubitu
693 2128 877 2210 fingentem
897 2149 971 2190 non
996 2151 1102 2205 curo;
1125 2135 1178 2214 qui

219 2227 426 2294 Taeniarum
447 2240 559 2290 autem
583 2225 697 2289 ovaria
727 2250 788 2308 pro
815 2231 1038 2309 singulorum
1069 2240 1178 2297 articu-

222 2333 338 2393 lorum
363 2328 496 2412 ganglio
520 2349 644 2391 nervos
661 2329 810 2391 radiatim
826 2335 1003 2394 emittente
1030 2339 1176 2411 vendita,

221 2414 256 2497 et
270 2432 332 2493 alia
345 2429 487 2512 plurima
497 2430 778 2510 ejusdamfarinae
793 2431 1177 2521 quaerit,illiusSupplc·

220 2548 335 2596 menta
356 2535 405 2613 (p.
427 2549 479 2608 33.
505 2546 537 2594 et
559 2537 623 2613 sq.)
644 2535 748 2595 adeat.
790 2535 926 2594 Frustra
956 2554 1080 2602 autem
1111 2564 1174 2605 ner.

220 2658 346 2700 vorum
372 2635 520 2698 Taeniae
556 2637 596 2696 ab
628 2638 750 2698 eodem
785 2637 940 2696 fictorum
970 2639 1098 2703 icones
1128 2664 1175 2705 ex.

222 2754 358 2821 spectas,
382 2736 445 2798 hae
469 2736 561 2800 enim
577 2736 678 2798 nimis
701 2737 796 2799 facile
814 2737 954 2799 refutari
976 2742 1173 2820 potuissent.

221 2844 275 2903 Ita
298 2840 411 2914 etiam,
434 2840 514 2899 dum
536 2836 710 2901 Ascaridis
739 2839 970 2901 lumbricoidis
1002 2845 1174 2926 ganglium

220 2942 391 3006 cerebrale
426 2956 457 3002 et
493 2956 636 3023 systema
662 2963 830 3005 nerveurn
860 2963 922 3022 per
950 2943 1172 3009 minutissima

220 3036 383 3119 describit,
404 3042 491 3104 nihil
513 3043 635 3123 horum
660 3046 820 3118 delineat,
844 3046 904 3106 sed
927 3045 1077 3128 figuram
1093 3052 1171 3110 Mut-

220 3162 405 3225 crmauan,
442 3165 569 3207 nervos
602 3144 774 3208 Lumbrici
818 3146 964 3207 terestris
1003 3149 1169 3214 sistentem

216 3247 303 3330 Ταῦ.
324 3261 355 3322 3.
384 3246 458 3329 Fig.
492 3265 544 3309 20.
574 3247 709 3327 repetit,
748 3260 781 3308 et
810 3247 954 3310 eandem
991 3273 1066 3314 rem
1097 3272 1168 3325 esse,

218 3349 423 3413 contendere
446 3372 518 3412 non
541 3348 718 3413 erubescit.
763 3351 796 3410 Si
817 3349 882 3411 hoc
906 3364 1026 3415 autem
1049 3355 1167 3432 fuisset,

218 3471 394 3531 nunquam
418 3467 506 3515 certe
527 3453 569 3514 de
582 3450 755 3514 Ascaridis
772 3452 888 3515 nervis
911 3452 952 3514 lis
966 3455 1094 3538 agitata
1105 3459 1169 3520 fuis

219 3567 278 3631 set,
302 3553 476 3616 Lumbrici
499 3553 594 3616 enim
622 3573 748 3616 nervos
780 3573 898 3616 omnes
921 3576 998 3619 uno
1023 3581 1084 3624 ore
1106 3579 1167 3623 con·

219 3655 353 3729 cedunt,
369 3676 483 3737 neque
497 3658 539 3717 ad
560 3655 637 3717 illos
650 3658 842 3738 probandos
858 3659 1010 3724 Burnus
1035 3665 1171 3728 cultrum

218 3773 379 3838 magnum
397 3754 435 3821 in
458 3778 560 3822 usum
581 3773 716 3829 vocant.
