2408 4478
534 231 819 323 '-560=-‘

198 405 343 488 juraque
375 404 487 466 avalia
515 402 556 464 ad
585 403 707 475 latera;
744 420 861 482 neque
884 408 1039 480 matura,
1067 420 1169 487 neque

203 508 327 569 cirrum
346 506 428 569 vidi.

258 663 315 735 16.
341 665 597 758 Amphistoma
625 661 916 755 unguicuiatum
945 670 998 736 R.
1028 689 1068 737 n.
1094 691 1143 760 sp.

313 796 469 882 Quattuor
492 794 730 889 duluummlras
752 792 921 870 palustres
949 795 1056 871 (duas
1080 795 1166 860 taeni-

205 909 272 960 atas
296 896 372 959 sive
394 913 521 970 mares,
545 894 684 956 totidem
708 894 892 973 femineas)
924 895 1060 961 Martio
1084 900 1167 960 Bere

205 998 266 1061 lini
293 999 447 1067 secando,
470 1010 613 1056 entozua
638 1015 707 1055 non
726 996 870 1069 offendi;
894 996 1042 1061 illarum
1064 1014 1167 1064 autem

204 1078 363 1174 intestina
386 1120 491 1178 aquae
515 1098 769 1172 committendo,
794 1100 828 1160 in
853 1100 917 1161 hac
938 1101 1102 1183 quinque
1121 1104 1166 1167 vel

207 1222 268 1267 sex
291 1203 399 1281 reperi
426 1199 712 1280 Amphistomata,
740 1200 863 1263 lineam
889 1201 1080 1267 dimidiam
1109 1208 1167 1267 lon·

207 1304 360 1388 gitudiue
381 1304 458 1383 plus
477 1303 588 1365 minus
611 1305 799 1385 aequantia,
824 1303 1004 1385 depressa,
1030 1321 1166 1391 angusta,

208 1407 294 1471 alba.

316 1508 484 1586 oblonga,
509 1506 714 1591 marginibus
729 1529 809 1571 mox
822 1505 1074 1592 integerrimis,
1096 1532 1167 1576 mox

209 1608 358 1692 corporis
381 1625 474 1690 parte
498 1610 666 1673 anteriore
690 1633 755 1691 ope
779 1609 955 1673 stricturae
981 1598 1167 1697 interserta.

210 1715 316 1776 Porus
342 1712 468 1772 anticus
494 1711 688 1783 terminalis,
714 1712 863 1793 exiguus,
888 1704 1027 1790 ‘capicis
1051 1732 1168 1797 partem

210 1809 351 1876 anticam
369 1814 518 1875 mediam
534 1833 710 1896 occupans,
736 1834 882 1895 unguem
908 1815 989 1878 fere
1015 1820 1168 1885 referens.

211 1917 368 1980 Porticus
391 1916 498 1997 major
520 1913 663 1991 videtur,
687 1916 781 1997 apice
794 1915 926 1977 caudali
942 1937 1057 2002 saepe
1081 1944 1169 1985 emar.

210 2019 336 2104 ginno.

316 2119 547 2202 Mitroscopio
578 2118 761 2201 subjectum
794 2118 1049 2202 Amphistoma
1079 2126 1170 2188 nebu·

211 2225 333 2300 losum,
356 2226 480 2287 orariis
502 2246 570 2284 non
597 2224 768 2295 distinctis,
793 2242 905 2302 neque
919 2224 1003 2286 aliis
1029 2229 1169 2308 partibus

211 2307 352 2389 in'ternis
378 2327 613 2407 dignoscendis
637 2325 824 2388 exhibetur.

267 2502 321 2576 17.
347 2491 601 2580 Amphistoma
627 2487 796 2555 conicum
822 2491 868 2555 R.

320 2628 389 2691 Cel.
415 2633 602 2695 Tunurrnn
625 2635 796 2713 specimen
818 2628 962 2690 unicum
1001 2653 1023 2693 a
1049 2652 1085 2697 se
1109 2632 1170 2698 Au·

213 2746 310 2814 gusto
321 2752 439 2796 mense
462 2734 494 2794 in
512 2738 597 2797 Ovis
618 2737 812 2796 domesticae
827 2731 990 2813 ingluvie
1004 2755 1172 2818 repertum

213 2834 322 2912 dedit,
345 2839 437 2916 quod
461 2840 500 2898 ab
519 2837 788 2918 Amphistomate
816 2833 951 2895 bovino
975 2850 1014 2898 et
1038 2842 1171 2904 cervino

210 2939 308 2998 nullo
331 2940 435 2999 modo
460 2941 662 3020 distinguere
688 2941 803 3016 valeo,
828 2939 910 2998 duas
935 2959 1022 3014 cum
1045 2942 1172 3004 dimidia

210 3036 318 3124 lineas
336 3043 487 3121 longum,
511 3041 638 3123 postice
661 3044 746 3103 ultra
770 3040 945 3102 dimidiam
964 3041 1090 3108 lineae
1110 3066 1171 3128 par·

212 3149 280 3200 tem
304 3143 465 3205 diametro
490 3160 677 3205 transverso
702 3145 903 3222 adaequans.

309 3243 599 3330 ¹Entozoulogiam
623 3247 756 3306 edendo
783 3265 902 3325 porum
926 3247 1109 3326 posticum
1119 3270 1172 3333 pro

212 3342 320 3405 antico
352 3344 472 3426 habui,
509 3367 587 3407 cum
615 3346 705 3409 illius
736 3369 801 3430 ope
830 3346 1006 3413 intestinis
1037 3351 1175 3416 infixum

210 3441 376 3509 viderem.

265 3611 318 3682 ¹8.
346 3603 601 3694 Amphistoma
626 3607 926 3719 subtriquetrum
953 3617 999 3682 R.
1030 3638 1069 3683 n.
1096 3636 1146 3707 sp.

273 3737 277 3748 ’
313 3745 504 3826 Specimina
527 3753 561 3814 in
583 3755 708 3818 Museo
724 3743 932 3821 Anatumico
962 3752 1179 3823 Berolinensi

208 3844 331 3926 reperi,
351 3849 472 3928 quibus
490 3856 641 3919 additum
653 3875 732 3937 erat,
745 3861 782 3924 in
795 3863 952 3933 Castoris
966 3864 1071 3926 mn·
1084 3857 1182 3926 tenui·
