2408 4478
435 314 487 332 -
538 291 612 367 ²26
663 307 725 376 -Ι

106 461 215 524 mata,
237 445 425 532 posteriore
446 440 618 517 crassiore,
653 443 919 522 subcompressa,
962 436 1059 524 apice

106 551 233 616 raudali
267 552 400 611 obtuso.
457 547 536 609 Ova
572 546 684 607 ovalia
713 544 841 623 duplici
874 541 962 612 serie
997 545 1060 612 dis·

106 658 223 719 ›ositaz
298 704 301 710 .
349 646 355 655 ’

106 732 108 740 ‚
212 756 282 842 Qui
304 775 322 815 a
344 748 456 834 specie
478 747 581 824 tertia,
604 747 670 812 nisi
693 765 834 830 corpore
855 747 970 810 forsan
992 749 1063 811 mal

106 860 153 945 gis
175 873 280 933 rectu,
303 856 519 936 distinguam,
541 874 612 914 non
637 855 789 914 invenio.
832 855 876 913 In
901 855 1062 935 Catalogo

106 957 303 1030 Viennensi
331 955 561 1036 manuscripto
596 955 676 1015 alias
710 955 876 1016 ditissimo
906 955 1064 1017 Falconis

106 1060 288 1143 Capillaria
309 1079 382 1122 non
405 1070 630 1134 enumeratur,
654 1078 765 1138 neque
787 1060 859 1140 ipse
881 1060 986 1122 talem
1008 1059 1064 1121 de·

106 1163 286 1250 prehendi.

163 1339 222 1390 ιι.
245 1320 486 1392 Trichosoma
512 1320 731 1395 corvorum.

219 1487 339 1548 Zansn
375 1482 696 1566 (Naturgeschichte
738 1485 797 1546 der
831 1481 1070 1567 Eing'eweide·

108 1593 263 1653 rriinner
283 1609 318 1668 p,
341 1589 395 1653 60.
410 1587 447 1665 §.
474 1603 545 1653 1010
569 1605 605 1648 se
628 1586 664 1648 in
693 1584 801 1650 Corvo
831 1589 1072 1673 Caryocatacte

111 1690 309 1775 Capillarias
329 1689 495 1771 reperisse
516 1689 629 1764 refert,
651 1691 711 1751 sed
734 1712 806 1752 non
829 1693 996 1756 describit.
1024 1695 1072 1753 In

112 1797 277 1876 Catalogo
300 1790 494 1855 Viennensi
510 1791 708 1871 Capillariae
731 1791 767 1853 in
786 1794 954 1858 intestinis
975 1796 1073 1863 Corvi

111 1895 315 1960 Moneantur
336 1909 370 1957 et
392 1897 494 1957 Piceo
514 1906 667 1976 repertae
688 1893 867 1966 habentur,

248 2106 388 2190 Genus
420 2120 513 2189 III,
578 2115 950 2216 Trichocephelus.

224 2310 341 2392 Hujus
377 2322 410 2371 et
443 2307 671 2389 praecedentis
711 2307 843 2390 generis
881 2307 1080 2386 affinitatem
1160 2389 1163 2393 ¹

115 2433 223 2495 supra
245 2412 402 2494 exposui.
425 2410 559 2493 Species
581 2412 621 2470 ab
635 2410 825 2472 auctoribus
847 2412 973 2492 passim
989 2419 1080 2478 male

118 2514 312 2597 descriptae
334 2535 427 2585 nunc
451 2513 595 2593 quidem
615 2513 766 2578 maribus
790 2517 932 2602 cognitis
950 2517 1082 2600 optime

119 2619 384 2692 determinatae,
404 2616 496 2677 haud
516 2631 721 2679 numerosae
742 2614 920 2693 videntur,
952 2632 985 2681 et
1007 2619 1083 2682 Tri-

120 2721 374 2803 chocephalum
397 2720 609 2794 echinatum,
642 2715 680 2778 in
709 2712 899 2780 ventriculo
921 2719 1084 2786 Lacertae

120 2825 246 2910 apodis
266 2826 431 2898 obvium,
473 2838 595 2884 revera
623 2842 642 2883 a
663 2819 802 2900 reliquis
831 2819 1028 2887 distinctum
1050 2837 1086 2893 et

121 2928 226 2994 facile
239 2947 335 2998 novo
351 2943 473 3008 genere
494 2922 788 3002 (Sclenotrr'chnm)
810 2927 1086 2991 enumerandum

124 3037 155 3096 si
201 3035 392 3112 exceperis,
445 3045 567 3088 omnes
583 3067 590 3075 -
608 3023 646 3087 in
687 3022 927 3089 Mammalium
971 3027 1086 3091 crassis

124 3134 292 3203 habitant.
1086 3129 1089 3137 '

181 3291 218 3350 a,
246 3239 823 3367 Trichocephalus'‘palaeformis
847 3271 894 3344 R.
915 3297 952 3344 n.
975 3292 1031 3368 sp,
1086 3312 1089 3319 ·

167 3445 170 3453 “
240 3424 287 3486 In
307 3424 428 3485 Simiae
448 3422 577 3483 ursinae
612 3415 724 3498 pridie
757 3407 911 3480 mortuae
930 3439 1034 3482 coeco
1056 3431 1093 3486 et
1159 3403 1161 3408 Ι

131 3546 267 3591 summa
288 3523 355 3585 coli
376 3538 468 3604 parte
489 3518 676 3602 specimina
708 3519 859 3582 feminea
881 3516 943 3581 tria
969 3506 1093 3585 unum·

133 3611 203 3711 clue
226 3627 430 3700 masculum,
453 3641 588 3686 mortua
612 3627 754 3706 quidem
780 3623 838 3684 sed
861 3623 1092 3687 recentissima

132 3730 328 3814 Septembri
346 3746 468 3791 mense
486 3726 643 3792 Berolini
664 3723 789 3808 reperi,
860 3737 863 3745 ’

245 3831 443 3917 Lon'gitudo
475 3837 576 3895 maris
603 3831 682 3893 fere
698 3822 914 3908 quindecim,
945 3823 1097 3918 femiam
1199 3881 1201 3885 .

134 3961 209 4006 rum
225 3952 287 4009 ‚210
308 3935 439 4006 circiter
472 3933 580 3998 lineas
616 3936 795 4014 aequabat,
839 3931 934 4012 cujus
961 3932 1096 3995 tertiam
1118 3981 1132 4021 ⁶,
1199 3999 1202 4005 ,
