2408 4478
422 317 499 357 ι·-
553 301 622 351 221
677 315 730 334 -·
827 337 838 351 2

106 457 290 542 iasypodis
318 441 352 518 et
383 453 447 515 ou·
479 463 612 533 reperta
642 467 734 525 esse,
780 448 958 532 Catalogus
991 448 1072 514 Ent.

106 564 239 629 Vienn.
282 556 411 619 Confer
434 554 585 636 speciem
606 573 643 616 n.
668 570 717 614 10.

152 679 192 753 4.
219 665 460 741 Trichosoma
487 659 668 730 inflexum
694 664 738 726 R.
763 680 801 728 n.
827 682 881 752 sp.

218 779 405 857 Complura
427 773 616 856 specimina
638 771 674 832 in
696 770 865 832 intestinis
887 771 986 835 Turdi
1003 795 1075 856 cyo-

106 891 162 950 nei
191 877 399 962 Septembris
432 879 463 936 d.
486 876 604 939 XVII.
633 886 725 946 1812.
764 873 915 964 Neapoli
942 887 1076 956 reperta

106 990 175 1055 cel.
199 989 379 1055 Baansanr
399 975 665 1042 benevolentiae
691 978 814 1044 debeo,

219 1089 376 1148 Entozoa
402 1078 618 1154 tenuissima,
657 1079 828 1160 ,pollicem
861 1084 938 1164 plus
961 1081 1076 1142 minus
1164 1124 1170 1135 ,

106 1196 228 1275 longa,
276 1187 383 1270 capite
406 1183 630 1255 acutiusculo‚
673 1180 860 1262 posteriora
883 1202 1001 1246 versus
1025 1205 1078 1264 pa·

109 1315 259 1376 rumpet
279 1285 514 1373 increscentia,
557 1283 653 1366 apice
682 1284 814 1348 caudali
845 1287 984 1363 obtuso,
1029 1287 1080 1348 in·

111 1419 235 1462 curvo.

229 1474 453 1560 Muris-unici
474 1489 618 1554 minoris
641 1489 747 1551 cauda
768 1490 891 1552 inflexa
913 1507 991 1556 ante
1015 1492 1081 1574 api·

116 1624 199 1667 cem
220 1616 422 1683 processum
445 1596 568 1657 obtulit
588 1597 730 1656 brevem
754 1595 932 1685 obtusum,
960 1618 1004 1658 an
1025 1618 1082 1660 va.

112 1705 239 1788 ginam
261 1698 381 1785 penis?
446 1731 459 1764 .-

230 1807 273 1866 In
298 1802 459 1865 omnibus
472 1796 623 1889 feminis
638 1823 705 1863 ova
725 1799 799 1866 vidi
817 1802 965 1882 oblonga
981 1800 1086 1864 utrim

123 1909 409 1991 que-obtusaet
446 1903 631 1987 pellucida,
662 1903 748 1967 serie
770 1900 977 1986 plerumque
1007 1906 1085 1969 sim·

108 2012 219 2096 plici,
240 2010 416 2092 irregulari
436 2025 553 2071 tamen
575 2006 756 2090 disposita;
798 2027 918 2070 versus
942 2010 1086 2076 caudam

109 2114 166 2188 ‚ni
185 2116 287 2176 fallor
307 2116 526 2178 accumulata.

126 2268 129 2272 ’
180 2274 217 2348 5.
243 2259 482 2331 Trichosoma
506 2255 711 2353 longicolle
735 2260 783 2334 R,

238 2393 318 2452 Ent.
343 2407 371 2452 Ι.
394 2413 429 2471 p.
451 2394 503 2462 84.
525 2411 561 2454 n.
583 2406 613 2465 3.
636 2388 839 2452 Hamularia
858 2394 1039 2458 nodulos&

241 2496 427 2555 Fnomcrr
456 2491 506 2553 im
531 2488 792 2556 Naturforschet
820 2494 866 2558 St,
893 2515 943 2574 29.
973 2520 1007 2579 p.
1035 2505 1088 2573 28,

129 2615 187 2679 29.
207 2595 334 2659 Filaria
354 2594 508 2660 Tetricis.
574 2595 744 2669 Gordium
771 2595 927 2661 Gallinae
951 2603 1090 2664 Goszro

130 2703 266 2766 dictum
286 2700 446 2778 Znnsaus
468 2708 560 2758 recte
583 2698 623 2757 ad
643 2697 839 2780 Capillariae
852 2723 958 2783 genus
977 2727 1092 2772 arnan-3

131 2809 283 2877 daverat,
327 2800 377 2861 uti
400 2806 443 2863 eir
465 2795 709 2882 speciminibus
730 2799 832 2864 didici
855 2806 895 2864 ab
918 2805 1091 2872 indefesso

131 2909 224 2973 olim
246 2906 423 2966 Hiiaumo
445 2901 483 2962 in
504 2899 671 2963 intestinis
693 2901 849 2965 Phasiani
872 2907 962 2968 Galli
980 2902 1091 2989 reper-

131 3019 175 3078 tis
206 3024 240 3073 et
264 3027 404 3070 mecum
433 3003 711 3079 communicatis,
756 3006 917 3070 omnibus
947 3010 1090 3089 quidem

129 3113 306 3183 femineis,
328 3109 386 3168 sed
411 3119 481 3168 toto
504 3106 620 3169 habitu
632 3121 667 3171 ¹et
681 3129 739 3170 ore
753 3107 910 3189 simplici,
930 3112 1089 3191 minimo,
1173 3129 1176 3135 '

129 3210 381 3300 punctilormi,
398 3210 440 3270 ad
465 3207 598 3291 reliqua
637 3209 895 3274 Trichosomata
932 3216 1092 3279 acceden-

128 3319 234 3382 tibus.
509 3395 512 3401 .
1039 3305 1042 3312 ¹

243 3420 477 3482 Faomrcmus
511 3417 536 3481 1.
572 3437 600 3480 c.
632 3414 820 3500 specimina
856 3417 1006 3482 feminea
1040 3419 1094 3482 de-

131 3521 269 3604 scripsit
291 3521 379 3601 Majo
411 3540 532 3584 mense
561 3518 600 3582 in
626 3519 800 3582 intestinis
818 3524 933 3583 crassis
965 3523 1096 3606 Terrac-

133 3629 190 3690 m‘s
220 3625 355 3686 Tetricis
371 3647 391 3685 a
408 3642 443 3684 se
460 3638 615 3704 reperta,
673 3624 757 3684 duos
784 3644 865 3685 cum
887 3623 1029 3684 dimidio
1053 3624 1096 3684 ad

134 3741 205 3792 tres
229 3729 369 3807 pollices
390 3728 501 3807 longa.
527 3727 779 3807 conglomerata
800 3739 834 3788 et
856 3726 945 3788 inter
964 3747 998 3787 se
1021 3747 1098 3787 con-

135 3845 237 3892 torta.
261 3831 343 3891 Pars
366 3829 473 3891 antica
494 3830 597 3893 to'tius
621 3827 758 3890 entozoi
785 3842 849 3890 tres
872 3843 1002 3906 quartas
1026 3849 1098 3907 par-

136 3948 189 4001 tes
219 3930 286 4000 sibi
312 3931 520 4019 vindicabat3
543 3926 664 4015 'caput
698 3928 949 4004 indistinctum
993 3927 1099 3990 cauda
