2408 4478
376 288 697 383 ...κδ’-ὲ..

39 469 213 537 valemus,
233 471 285 536 ut,
314 457 472 522 omnibus
494 455 658 536 collectis,
702 444 995 542 Capsulari'as'ore

39 563 222 633 orbiculari
261 576 294 624 et
324 581 466 644 corpore
503 558 696 639 subaequali
726 565 765 622 ad
789 562 926 629 Filarias
945 591 997 633 ac.

23 671 183 749 cedere,
211 665 345 729 differre
370 679 483 728 autem
505 664 545 723 ab
567 662 686 724 iisdem
708 664 841 730 minore
874 671 996 757 (saepe

42 771 186 856 exigua)
207 766 422 851 longitudine
441 777 474 828 et
488 761 608 843 majori
629 762 830 842 elasticitate‚
854 786 997 838 statuen.

45 878 128 939 dum
151 871 210 946 sit,
247 857 359 933 donec
379 867 519 930 meliora
552 865 764 928 innotescant
801 869 896 952 signa
932 877 998 943 dia.

48 976 209 1065 gnostica,
232 990 361 1036 nomen
384 969 484 1031 simul
507 966 626 1029 melius
648 969 828 1048 prolatura.

155 1074 422 1158 capsulariarum
454 1091 540 1133 vero
580 1068 784 1134 characteres
816 1066 949 1158 generis
964 1076 1002 1150 ‘si

49 1186 245 1248 difficultate
266 1194 386 1258 magna
407 1173 575 1249 laborant,
610 1169 661 1232 illi
682 1176 869 1254 specierum
894 1172 1001 1250 multo

50 1289 178 1369 majore
208 1293 423 1365 premuntur,
469 1275 593 1356 quippe
623 1288 719 1352 quas,
762 1277 1003 1358 speciminibus

51 1386 208 1453 masculis
240 1378 406 1446 rarissime
443 1377 553 1440 obviis
577 1389 633 1437 aut
655 1392 763 1456 aeque
785 1376 1005 1479 simplicibus

52 1507 230 1571 tantopere
254 1484 439 1548 convenire
462 1478 637 1551 videmus,
661 1493 699 1538 ut
717 1481 822 1564 longe
844 1490 1005 1568 plurimas
1100 1519 1102 1523 ·

53 1593 277 1675 conjungere,
323 1585 380 1649 vel
410 1581 526 1644 dubias
556 1599 721 1660 seponere
744 1602 913 1666 cogamur
956 1598 1009 1661 Re

55 1712 170 1762 autem
199 1686 403 1777 hoomodo
442 1668 645 1762 comparata,
687 1683 844 1749 Filariam
879 1705 1010 1774 tantum

59 1798 290 1882 capsulariam
311 1792 367 1868 (n.
391 1785 461 1864 13.)
483 1783 571 1845 inter
595 1779 820 1863 confirmatas,
849 1793 941 1859 illam
960 1796 1011 1883 pi.

57 1901 158 1970 scium
190 1920 225 1960 n.
248 1911 299 1974 52.
321 1896 407 1951 inter
436 1883 552 1948 dubias
576 1885 731 1960 Filarias,
773 1891 904 1956 tertiam
926 1920 1011 1967 vero

59 2011 149 2070 inter
170 1996 344 2066 Ascurides
365 2012 400 2053 n.
422 1989 472 2050 60.
495 1983 702 2062 enumeravi,
726 2004 793 2069 quo
815 1991 906 2059 hisce
928 2001 1019 2082 locis

60 2111 196 2174 illarum
216 2095 381 2161 memoria
405 2100 676 2160 conservaretur3
719 2109 837 2156 omnes
866 2100 1013 2184 reliquas

63 2212 107 2275 ad
120 2210 283 2270 Entozoa
304 2198 428 2279 generis
450 2191 546 2252 dubii
565 2210 598 2262 n.
614 2190 666 2264 46.
684 2206 717 2254 et
740 2210 833 2277 sequ.
856 2204 1017 2286 relegavi.

64 2309 173 2377 Alii
165 2328 200 2368 rn
222 2303 274 2364 hia
297 2291 496 2365 extricandis
519 2313 574 2354 me
597 2289 765 2358 feliciores
795 2297 876 2377 sint,
921 2323 1024 2388 οΡῑο;

66 2402 355 2497 quemadmodum
392 2415 476 2457 vero
514 2393 671 2456 Distoma
711 2398 1018 2487 appendiculatum,

67 2507 359 2597 caryophyllaeus
388 2511 422 2560 et
442 2494 644 2577 praesertim
667 2496 798 2563 Scolex
808 2505 994 2584 plurimis
984 2534 1022 2576 m

68 2615 219 2702 piscibus
241 2626 338 2687 saepe
360 2597 595 2662 diversissimis
618 2617 753 2681 semper
769 2605 889 2669 eadem
912 2631 1023 2677 occur.

71 2729 163 2792 runt,
183 2708 231 2774 iia
251 2708 348 2771 etiam
371 2702 508 2764 illorum
527 2700 735 2780 Capsularias
756 2706 1023 2798 plurimampar.

72 2834 145 2887 tem
166 2835 240 2879 non
263 2802 433 2889 distingui,
456 2801 746 2884 persuasissimum
768 2807 892 2879 habeo.

184 2910 399 2978 Hamulariae
424 2921 529 2989 genus
555 2903 592 2964 in
619 2902 891 2992 Entozoologiae
918 2917 958 2985 Τ
978 2916 1029 2986 ΙΙ.

76 3038 168 3108 Ρ
135 3037 168 3088 1
189 3041 224 3101 Ρ
246 3031 297 3119 13
326 3023 418 3090 etp
448 3017 499 3078 82.
538 3024 636 3088 aegre
674 3006 926 3089 admissum,
915 3023 1033 3105 1nSy.

78 3121 184 3206 nopai
204 3114 279 3200 jure
303 3108 483 3195 suppressi,
526 3107 584 3188 qui
613 3105 704 3171 enim
726 3125 947 3182 entozoorum
968 3127 1031 3188 sub

80 3229 143 3290 illo
169 3216 385 3286 militantium
417 3209 483 3273 oris
512 3210 642 3272 hamuli
670 3213 878 3298 dicebantur,
920 3238 1034 3306 aperte

84 3325 211 3391 caudae
240 3317 367 3401 spicula
401 3314 548 3374 mascula
582 3313 723 3375 dicenda
751 3334 836 3382 sunt.
901 3325 1036 3409 Species

83 3427 179 3491 illius
213 3423 295 3483 duas
333 3416 463 3499 priores
494 3414 584 3477 inter
615 3416 767 3481 Filarias
796 3442 830 3484 n.
858 3439 911 3488 20.
933 3443 967 3491 et
987 3447 1039 3521 33.

85 3531 220 3596 tertiam
247 3540 334 3631 vero
373 3517 462 3581 inter
486 3519 731 3584 Trichosomata
751 3536 839 3602 n.5
863 3530 1038 3596 collocatas

19 3608 25 3614 .
86 3628 253 3717 reperies

146 3789 181 3846 t.
206 3763 338 3837 Filena
361 3760 584 3864 medinensis
616 3761 740 3834 nnnc.

203 3912 492 3996 Eutozoologiam
511 3905 649 3982 edendo
670 3909 809 3979 nonnisi
831 3915 974 3979 aliorum
997 3918 1049 3982 de·
