2408 4478
519 257 596 289 ,.-
646 235 721 312 523
773 253 825 272 -

205 394 319 474 efforts
334 393 394 456 sed
418 387 455 453 in
476 392 604 452 bullam
627 386 704 451 sive
721 384 984 467 receptaculum
1008 380 1173 463 etitaqui·

207 499 484 562 detn.retractam
513 494 612 582 sistit,
644 508 682 563 ut
717 491 813 552 nulla
840 486 1037 557 encheiresi
1061 482 1169 575 evolvi

207 597 325 685 possit.

259 752 321 843 36.
346 753 688 843 Echinorhynehns
715 747 941 820 tereticollis
971 756 1019 822 tt.

209 898 216 907 ·
314 883 356 942 In
379 883 532 964 plurimis
550 881 699 961 piscibus
720 879 840 962 reperi,
865 896 958 970 quos
981 875 1160 961 inSynopti

206 1006 244 1073 p.
270 998 322 1063 72.
344 982 509 1053 recensui,
533 981 682 1063 ideoque
705 1004 778 1044 non
800 996 929 1061 repeto.

318 1081 388 1168 Qui
409 1081 445 1141 in
473 1080 633 1149 intestino
666 1106 777 1149 crasso
806 1084 1041 1163 Accipemerz's
1071 1085 1159 1151 Stati·

208 1188 285 1257 onis
295 1182 437 1255 minoris
447 1182 697 1268 AriminiMajo
711 1187 795 1249 mihi
808 1186 910 1246 oblati
925 1198 1011 1251 sunt
1025 1183 1156 1264 plurimi,

207 1309 289 1379 prae
316 1289 434 1348 ceteris
463 1289 652 1351 attentione
683 1288 778 1375 digni
801 1288 984 1357 habentur.
1057 1282 1158 1347 Aibidi

209 1402 320 1464 erant,
345 1387 541 1463 enuntiari,
570 1391 628 1461 vel
651 1392 779 1466 carnei,
808 1390 891 1449 duas
916 1402 1115 1469 quatuorve
1132 1384 1157 1455 li·

210 1511 293 1563 neas
315 1489 418 1571 longi,
442 1510 583 1579 corpore
607 1511 708 1574 saepe
734 1491 844 1566 ovaii,
867 1489 1048 1553 interdurn
1074 1505 1158 1559 ovato

209 1593 270 1665 vel
292 1592 460 1673 oblongo;
483 1595 571 1655 collo
595 1594 699 1675 longo
724 1593 927 1675 cylindrico‚
959 1611 1066 1673 saepe
1084 1612 1160 1674 rugo·

213 1713 269 1767 so,
297 1690 403 1756 rarius
433 1695 525 1757 bulla
558 1697 756 1767 terminato3
789 1692 997 1775 proboscide
1030 1696 1162 1779 oblonga

212 1796 321 1871 brevi,
344 1797 619 1876 pessundanda,
641 1797 824 1872 duodecim
841 1795 884 1857 ad
905 1796 1064 1867 sedecim
1086 1794 1163 1861 serio

212 1898 277 1969 butt
300 1897 504 1969 uncinorunt
526 1903 668 1963 armata·¹

320 2014 508 2098 specimina
532 2014 617 2076 dicta
637 2039 656 2077 a
676 2018 786 2085 forma
809 2014 908 2079 solita
939 2014 1069 2096 utique
1095 2037 1164 2087 rete·

216 2118 312 2196 dunt,
337 2118 381 2177 ob
405 2116 535 2177 collum
557 2118 699 2210 longum
717 2119 862 2206 'aequale
886 2117 956 2179 huc
992 2134 1110 2185 tamen
1132 2140 1166 2191 re

215 2218 356 2296 ferenda
382 2216 555 2284 videntur.

249 2328 252 2333 '
324 2319 482 2389 Deflectit
508 2341 647 2402 quoque
676 2322 864 2402 specimen,
903 2324 1001 2402 quod
1033 2318 1168 2386 Berolini

217 2421 311 2492 Julio
334 2421 370 2483 in
394 2422 552 2486 intestino
577 2426 680 2484 Silari
700 2426 852 2487 Glanidis
876 2427 1017 2505 majoris
1046 2423 1168 2495 offendi,

218 2527 309 2586 colio
334 2524 460 2587 scilicet
490 2526 621 2605 aequali
649 2525 809 2604 quidem,
838 2529 898 2588 sed
930 2548 1085 2608 rugoso,
1113 2528 1170 2589 sivo

143 2680 149 2690 ,
219 2625 435 2697 transversim
463 2630 604 2719 plicato,
642 2647 757 2717 neque
788 2629 824 2687 in
854 2648 940 2718 aqua
971 2628 1100 2693 facient
1120 2651 1171 2699 rnu-

223 2738 325 2805 tante.
981 2750 985 2755 ·

319 2832 447 2894 Confer
470 2831 619 2915 speciem
641 2833 886 2913 insequentem,
903 2854 1066 2913 quacum
1078 2840 1175 2907 Bur-

145 2988 148 2993 .
222 2949 321 3003 unus
344 2934 431 2997 hanc
452 2935 639 3018 conjungit·
1066 2936 1069 2941 ¹

273 3101 336 3181 57.
361 3093 699 3184 Echinorhynchus
725 3092 925 3164 nodulosus
956 3098 1156 3168 Scunaurc.

330 3235 412 3307 Ant.
435 3241 644 3305 Tenentur
675 3242 803 3302 multos
834 3241 921 3300 misit
945 3241 1180 3327 Echinorhyn·

227 3334 309 3398 chos
332 3336 368 3398 in
391 3342 559 3405 intestinis
583 3342 719 3424 Cyprius·
735 3342 843 3405 Barbt’
864 3357 1036 3424 repertos,
1063 3362 1182 3429 septem

225 3438 269 3507 ad
305 3440 465 3511 undecim
502 3444 608 3514 lineas
642 3445 783 3529 longos,
814 3445 1008 3506 nonnullos
1047 3446 1182 3515 crassitie

227 3538 311 3599 duas
333 3543 441 3606 lineas
477 3545 687 3627 attingentes·
732 3550 774 3615 In
799 3545 850 3606 his
877 3548 1129 3626 proboscidem
1152 3567 1183 3613 0⁰

228 3640 332 3722 magis
354 3646 519 3708 clavatam
541 3646 660 3721 videri,
683 3632 751 3729 quo
773 3648 886 3712 minor
908 3649 1007 3717 bulla
1031 3653 1113 3732 fiat,
1131 3666 1185 3735 pat·

229 3736 505 3824 simondensis,
524 3747 635 3809 visum
657 3749 741 3811 mihi
761 3765 819 3814 est.

333 3844 533 3915 Bruusrnus
568 3850 657 3919 hane
692 3867 727 3922 et
748 3852 1016 3943 praecedentem
1045 3854 1183 3942 speciem
