2408 4478
385 227 665 316 *sss-‚-

48 380 150 465 tralis
164 381 258 465 ‘ostio
280 381 413 461 exiguo.
438 378 586 455 ,cadum
610 369 783 447 dimidiam
804 374 877 439 fere
899 373 1003 437 totius

10 488 17 523 ²
48 482 181 545 vermis
205 481 454 563 longitudinem
486 480 549 542 sibi
580 496 730 548 sumens,
767 478 874 558 duplo
904 498 1005 557 angu-

10 590 20 629 ἱ
49 583 146 662 stiur,
169 605 271 664 quam
294 607 409 663 corpus
431 583 525 664 apice
547 585 669 647 obtuso
693 579 917 653 terminatum.
943 579 1007 642 Cir-

11 696 22 751 [s
49 707 122 746 rum
145 702 313 749 exsertum
334 708 407 751 non
428 686 513 759 vidi.
547 685 658 757 Omda¹
669 684 792 765 exigua
813 685 1007 757 rotundato-

10 798 22 835 =³
48 786 209 869 elliptica.

165 906 270 969 Color
297 908 399 971 valde
436 909 642 990 variegatus3
677 908 832 970 ductibus
867 901 1008 966 os'riferis

10 1008 19 1045 ⁵
48 1005 335 1084 -fuscescentibus,
370 1009 629 1090 medio-spirali
658 1010 900 1091 nigrescente,
921 1005 1009 1066 vasis

10 1110 14 1147 ³
52 1109 245 1172 dorsalibus
267 1113 424 1174 tenuibus
444 1112 549 1195 nigris
572 1114 780 1191 maculisque
801 1111 953 1191 corporis
968 1109 1011 1170 al-

10 1242 14 1249 ·
50 1209 109 1273 bis
133 1212 243 1275 subito
264 1213 546 1295 nigrescentibus.
587 1215 705 1277 Motus
727 1209 850 1295 segnis.

170 1315 249 1376 Obs.
285 1318 436 1380 Distoma
470 1317 721 1401 syl-indraceum
751 1332 794 1378 tn.
831 1304 884 1376 66.
919 1311 1013 1393 quod

51 1411 135 1495 ipse
168 1414 205 1479 in
234 1420 350 1483 Ranae
383 1418 604 1503 temporariae
633 1432 761 1479 tantum
782 1417 1014 1497 pulmonibus

52 1517 185 1597 reperi.
207 1541 226 1579 a
247 1522 389 1583 Zroano
413 1536 447 1585 et
467 1523 638 1594 Bassum,
660 1523 742 1581 viris
765 1522 832 1590 cel.
852 1517 953 1580 etiam
974 1516 1016 1577 in
1112 1512 1114 1516 ’

53 1620 106 1684 Β.
131 1622 321 1685 esculentae
343 1626 563 1707 pulmonibus
586 1640 762 1684 occurrere
782 1621 914 1698 dicitur,
935 1636 1016 1680 cum

35 1720 144 1785 shuic
166 1737 277 1784 autem
300 1724 539 1806 proprium‘sit
563 1725 719 1785 Distoma
742 1724 956 1802 pulmonale,
977 1720 1014 1780 il-

20 1894 29 1903 ·
54 1824 116 1887 ios
139 1840 195 1886 aut
214 1827 327 1889 Ranae
349 1843 406 1890 aut
426 1829 617 1891 Distomata
639 1824 844 1900 confudisse,
864 1824 935 1889 fere
964 1838 1017 1888 su·

55 1929 219 2008 spicarer.
726 1942 729 1947 ⁴

117 2091 179 2170 54.
199 2083 367 2199 Distoma
394 2086 719 2189 capipellatum3ll,
791 2040 829 2165 ‚¹:-

174 2216 257 2276 Tres
285 2220 510 2299 Uranorcopos
530 2217 661 2278 scabros
683 2211 832 2276 Arimini
854 2209 970 2295 Aprili
986 2225 1020 2276 et

57 2314 179 2394 Maj0‚
219 2319 305 2379 duos
334 2319 438 2380 Junio
461 2314 609 2398 Neapoli
631 2316 723 2380 secui
745 2329 788 2377 et·
804 2316 840 2378 in
864 2316 1022 2378 omnium

60 2419 183 2483 vesica
204 2419 304 2482 fellea
327 2422 456 2505 aliquot
476 2419 588 2503 reperi
614 2421 838 2496 Distomata,
858 2422 1022 2502 depressa,

60 2519 306 2599 sesquilinecm
329 2523 369 2582 ad
394 2524 474 2583 duas
488 2522 595 2586 lineas
614 2524 727 2604 longa,
749 2538 844 2605 parte
865 2522 1023 2587 latissima

41 2620 201 2689 ..tertiam
224 2623 332 2685 lineae
344 2640 471 2706 partem
484 2625 696 2706 attingentia3
719 2618 776 2685 aut
797 2626 872 2687 alba
893 2625 1024 2685 macula

37 2724 184 2789 .;media
212 2724 315 2787 viridi
343 2738 497 2805 vaseqde·
519 2725 814 2807 spirali-brunnen
844 2724 1023 2806 variegata,

39 2839 130 2891 aaut
152 2826 243 2906 poris
268 2842 301 2891 et
323 2824 597 2909 cauda'esceptis
623 2825 852 2904 totam-iridi&

182 2933 264 2992 Pori
283 2932 424 3014 globosi,
442 2933 578 2993 -ancicur
598 2926 796 3011 feresduplo
819 2927 943 3008 major,
964 2928 1025 2989 dis-

67 3044 195 3109 cretus,
220 3048 316 3112 caput
340 3035 507 3105 referens3
528 3029 691 3101 aeratralis
711 3044 879 3103 remotim,
899 3044 936 3090 ut
957 3050 1026 3111 spa·

65 3132 160 3194 tium
183 3131 422 3197 intermedium
439 3134 572 3199 tertiam
589 3131 697 3195 :totius
719 3130 940 3214 longitudinis
958 3155 1028 3215 par-

65 3249 142 3296 tem
164 3234 227 3294 sibi
250 3235 410 3300 vindicet.
458 3238 586 3318 Corpus
611 3255 631 3296 a
646 3254 739 3313 poro
768 3233 877 3297 antico
902 3237 1027 3298 sensim

64 3335 213 3410 latescit,
236 3353 273 3398 ut
296 3340 527 3423 cireaporum
549 3337 737 3401 ventralem
756 3334 955 3399 latissimum
977 3343 1027 3417 sit,

72 3453 153 3497 tum
178 3438 316 3516 sensim,
334 3444 436 3524 magis
458 3458 579 3519 tamen,
600 3442 721 3500 iterum
745 3437 916 3514 decrescit,
936 3457 1031 3523 parte

44 3528 205 3623 [ultima
229 3541 302 3605 sive
324 3546 431 3611 cauda
452 3546 562 3606 subito
587 3537 744 3604 tenuiore
764 3540 867 3618 facta,
897 3546 1027 3627 lineari,

70 3641 171 3724 apice
196 3647 326 3709 obtuso.
373 3645 507 3707 Cirrum
530 3665 601 3705 non
626 3640 710 3704 vidi.

183 3746 256 3808 Vas
279 3747 400 3828 spirale
426 3751 623 3811 brunneum
650 3742 725 3824 pori
757 3748 919 3812 ventralis
946 3751 1031 3834 parti

74 3847 227 3930 posticae
250 3849 434 3926 adhaeret,
458 3853 583 3915 multos
610 3866 711 3932 gyros
738 3850 918 3934 efficiens,
939 3854 1032 3918 dein·
