2408 4478
534 271 824 345 ..253-

197 454 231 495 n.
254 431 307 506 46.
329 426 365 490 in
390 423 511 492 eadem
544 421 687 487 Lacerta
709 418 942 502 occurrentis,
968 424 1082 510 duplo
1104 431 1166 495 bre

199 533 297 596 viora
321 543 409 594 suut.
1079 536 1083 543 '

249 709 286 783 4.
312 697 579 791 Physaioptera
603 710 725 768 retusa
753 702 800 770 R.
826 721 867 773 n.
894 721 954 794 cp.

307 854 389 918 Am.
419 853 554 915 Omns
577 857 615 915 in
638 852 739 916 trium
770 855 990 918 Lacertarum
1017 858 1170 941 Tegur‘oer'n

201 960 418 1042 oesophag0‚
454 957 682 1038 (praesertim)
716 957 910 1020 ventriculo
945 974 981 1021 et
1004 964 1167 1039 tenuibus,

114 1060 120 1065 ’
203 1061 392 1146 Septembri
417 1075 451 1122 et
475 1059 616 1121 Octobri
640 1060 674 1121 in
689 1058 829 1120 Brasilia
849 1061 1111 1144 copiosissimas
1132 1086 1169 1128 re·

204 1167 291 1250 perit
313 1180 344 1226 et
357 1183 491 1226 mecum
507 1162 782 1236 communicavit,
802 1163 1045 1241 Pisouamffle
1058 1168 1167 1231 Indiae
1194 1157 1198 1165 ’

205 1268 381 1350 utriusque
404 1288 439 1329 re
462 1265 605 1326 naturali
627 1279 661 1326 et
681 1261 823 1326 medica.
859 1264 1065 1330 Amstel‘od.
1094 1272 1168 1348 1658.

206 1372 267 1433 fol.
290 1393 322 1451 p.
339 1369 424 1447 105)
448 1370 585 1432 easdem
604 1367 673 1450 jam
687 1358 834 1428 in'dicta
851 1367 998 1433 Lacerta
1011 1372 1169 1456 reperim

208 1472 381 1537 addendo.

318 1570 518 1654 Longitudo
552 1570 731 1634 dimidium
760 1571 802 1632 ad
832 1572 920 1634 duos
950 1577 1107 1657 pollices
1132 1602 1168 1647 at·

122 1714 127 1722 .
156 1668 180 1680 ''
209 1689 300 1759 quat.
345 1673 478 1763 Majora
499 1674 681 1755 specimina
705 1674 804 1736 simul
827 1698 932 1739 crassa
959 1696 1054 1745 sunt.

318 1775 432 1857 Caput
454 1775 650 1853 discretum,
681 1777 837 1841 distincte
865 1781 1105 1864 papillosu'm,
1125 1808 1170 1873 pa

141 1960 145 1969 .
210 1881 301 1966 pillis
323 1899 423 1959 saepe
446 1880 587 1955 duabus,
615 1900 696 1940 mox
719 1896 864 1959 quatuor
890 1883 927 1944 in
958 1900 1169 1971 conspectum

212 1982 446 2050 venientibus.
502 1984 551 2042 Os
580 1980 778 2044 orbiculare.
837 1984 972 2069 Corpus
1009 1994 1169 2075 utrinque,

215 2087 321 2169 magis
345 2101 458 2147 tamen
482 2098 671 2144 antrorsum
693 2099 909 2150 attenuatum.
953 2092 1106 2159 caudae
1122 2118 1170 2159 m

215 2191 323 2255 scrclae
345 2186 460 2250 vesica
488 2185 596 2248 infera
617 2187 774 2250 latissima
796 2190 1028 2270 patentissima
1056 2201 1171 2282 apicem

216 2290 427 2364 revinciens,
462 2309 530 2368 quo
569 2287 605 2347 in
638 2292 790 2369 plurimis
830 2308 942 2357 retusa
984 2304 1048 2365 vel
1087 2304 1203 2373 etiam,¹

218 2390 425 2474 emarginata
463 2388 704 2470 conspiciatur3
741 2412 890 2457 ceterum
923 2420 989 2479 pro
1014 2425 1116 2470 more
1140 2427 1173 2468 ra·

133 2536 136 2546 ·
220 2496 316 2558 diata.
372 2495 493 2574 Margo
527 2494 679 2574 ejusdcm
708 2496 856 2577 posticus
891 2504 993 2566 valde
1026 2510 1174 2584 tumidus,

218 2598 373 2661 laterales
404 2594 515 2656 minus
552 2610 695 2677 turgent.
746 2601 976 2667 Tuberculum
1007 2612 1176 2675 rufumin

220 2699 352 2784 pauciS,
387 2699 483 2759 filum
514 2697 661 2778 genitale
697 2699 733 2760 in
763 2705 867 2765 nullis
899 2724 1081 2776 exsertum
1109 2710 1177 2776 vid'i

221 2806 371 2866 Feminae
394 2802 500 2860 multo
513 2799 648 2880 majoris
670 2806 775 2865 cauda
797 2810 926 2888 apicem
942 2815 1178 2881 brevissimum

221 2910 382 2969 obtusum
405 2901 628 2983 utplurimum
650 2902 832 2971 incurvum
854 2913 968 2981 habet.

434 3111 714 3199 »Species
756 3115 960 3187 dubia.

272 3265 308 3342 5.
334 3209 601 3346 Pliycaloptcra
629 3240 840 3328 tenrricollis
867 3266 912 3335 R.

329 3387 506 3468 Specimen
537 3385 676 3448 unicum
707 3385 911 3464 lemineum,
941 3393 1184 3463 octodeclmet

221 3490 315 3569 quod
338 3492 486 3552 excurrit
507 3487 614 3553 lineas
646 3491 793 3573 longum
823 3492 856 3554 in
882 3493 1056 3562 intestinis
1085 3503 1183 3567 Fauc-

220 3594 275 3653 nis
298 3588 458 3654 Haliai'ci
479 3608 648 3674 repertum
677 3595 714 3654 in
743 3597 905 3660 ditissimo
929 3600 1062 3667 Museo
1087 3602 1183 3667 Vien-

221 3695 323 3755 nensi
346 3697 536 3759 examinare
557 3699 662 3758 licuit.

337 3812 386 3874 Os
409 3816 608 3878 orbiculare·
663 3813 824 3899 Corporis
848 3841 924 3904 pars
954 3792 1068 3885 antica
1094 3818 1183 3902 (line¹

221 3935 281 3985 am
298 3915 419 4000 longa)
441 3918 647 3999 tenuissima,
668 3918 854 4005 insequens
875 3925 989 3992 subito
1015 3925 1180 4013 valdeque
