2408 4478
568 266 855 343 *sss*

217 400 462 496 ¹concederem,
486 404 564 482 na'm
577 410 903 499 Amphistonraturi'r'
921 418 1137 501 quorundam
1150 448 1172 493 r.

230 550 257 589 c.
280 525 388 587 conici
417 540 449 587 et
477 521 692 603 subtriquetri
723 541 803 583 vasa
832 523 939 587 facile
969 545 990 585 a
1020 541 1098 589 cute
1116 528 1165 593 lite

229 645 358 709 rantur,
380 642 413 689 et
435 624 565 705 Amph.
588 626 723 686 cornuti
746 623 935 687 oviductus
962 640 1045 707 post
1065 644 1170 709 partun

228 753 249 795 e
274 750 417 809 corpore
439 726 607 789 eliminari
627 726 790 805 (ideoque
802 726 895 789 haud
911 730 1091 792 revinctos
1104 736 1169 809 esse)

225 833 305 895 Ent.
326 830 412 891 Vol.
437 848 462 893 r.
485 851 518 910 p.
539 840 614 905 3t4.
635 827 789 909 exposui,
815 850 885 909 quo
911 828 1077 893 Distorna
1096 834 1169 895 clati·

225 954 344 1019 gerum
365 952 401 993 n.
423 946 475 1009 52.
498 928 635 1004 accedit,
657 928 753 1009 cujus
769 931 979 992 oviducturn
1001 952 1085 995 curu
1104 935 1166 997 cino

224 1036 427 1100 continuum
448 1031 538 1092 facili
560 1031 702 1112 negotio
725 1030 887 1111 separavi.
914 1034 1094 1097 Cuvrnuus
1114 1040 1165 1113 (tte

222 1159 290 1221 gne
312 1135 453 1198 Animal
479 1133 520 1192 T.
546 1133 617 1195 1v.
639 1154 672 1212 p.
686 1133 888 1211 ,35.),certe
917 1134 968 1193 ¹ob
997 1138 1163 1199 nervosis

221 1241 469 1302 Pentastomate
493 1230 649 1296 taeniode
671 1230 772 1307 visos,
795 1231 854 1294 illa
873 1234 1162 1303 Nema'toideisri

220 1338 316 1412 didit,
342 1338 543 1425 quibuscum
565 1350 678 1398 tamen
699 1333 841 1396 militare
863 1355 1064 1416 nequeunt.
1103 1344 1161 1424 lpse

219 1440 360 1523 quidem
378 1455 505 1501 nervos
530 1436 568 1501 iu
592 1436 702 1519 specie
729 1435 815 1499 dicta
848 1454 922 1495 non
943 1442 1090 1525 reperi,
1119 1447 1161 1509 sed

217 1545 331 1605 forsan
354 1539 398 1600 ob
421 1534 612 1618 speciminis
639 1536 794 1599 indolem
826 1537 943 1599 minus
972 1544 1115 1621 bonam,
1135 1560 1161 1607 ut

217 1646 281 1709 hos
302 1662 433 1705 summo
450 1638 526 1700 viro
543 1637 673 1721 largiar,
694 1639 733 1701 iis
746 1650 858 1701 autern
870 1640 1160 1709 Nematoideonm

218 1730 442 1809 characterem
465 1760 537 1801 non
561 1734 683 1802 effici
673 1762 709 1802 m
729 1742 840 1823 aprico
863 1742 924 1806 e's't.
957 1734 1073 1815 Haec
1091 1748 1161 1813 enin

217 1863 298 1933 sunt
325 1844 454 1935 teretia,
489 1841 643 1919 elastica,
676 1846 830 1923 ruboque
848 1826 1046 1913 inte'stinali
1067 1866 1161 1917 orest

216 1974 282 2019 ano
304 1946 498 2026 terminato,
539 1949 695 2006 necnon
729 1965 812 2008 sexu
832 1930 1005 2013 'distincto
1023 1966 1161 2025 uruntur

217 2034 481 2125 Pentastomata,
505 2046 734 2129 androgyna,
732 2050 821 2111 vasis
837 2050 993 2115 'nutritiis
1014 2048 1161 2119 Tremato·

219 2159 302 2239 dum
325 2172 421 2217 more
455 2148 571 2213 divisis
600 2150 774 2226 instructa,
809 2128 973 2233 ti'epressa
1003 2172 1040 2219 et
1066 2160 1160 2221 mollii

214 2276 301 2323 sunt.
346 2255 452 2315 Nervi
476 2253 588 2313 forsan
617 2253 780 2341 plurimis
800 2256 1047 2323 conceduntur
1072 2264 1157 2325 Ento·

211 2336 356 2425 zoorum
375 2354 559 2418 ordinibus.
594 2342 842 2443 Pentastonrata
865 2356 988 2439 itaque
1014 2378 1074 2425 aut
1089 2364 1157 2427 ordi.

210 2486 291 2529 nem
317 2458 490 2543 proprium
523 2456 725 2522 constituant
758 2474 814 2521 aut
841 2459 935 2523 inter
964 2464 1156 2531 Trematoda

210 2577 461 2635 enumerentur.

320 2647 529 2729 Tristomati's
549 2681 666 2743 genus,
689 2648 741 2725 ab.
752 2662 800 2728 ill.
824 2646 897 2726 viro
923 2664 997 2729 hu'c
1018 2672 1154 2747 relatum,

207 2765 324 2849 utique
349 2765 598 2848 recipiendum,
638 2756 728 2826 disco
764 2768 901 2845 quidem
922 2768 1025 2833 infra
1056 2774 1155 2837 descri-

205 2872 320 2935 hendo
343 2870 523 2949 recedens,
543 2865 661 2927 habitu
685 2884 812 2951 tamen,
841 2889 1011 2935 vasorum
1035 2874 1154 2959 dispoti

205 2972 309 3051 tione,
331 2970 522 3033 habitaculo
547 2968 719 3031 convenit.

227 3072 239 3081 “
311 3070 487 3134 Generum
507 3062 721 3149 'quorundam
736 3068 911 3134 'affinitas
907 3076 1038 3158 ma'gna
1060 3080 1152 3143 obser·

204 3170 441 3249 v'atur,s1cv.
463 3153 792 3253 c.Ainpiiistdmatis
815 3175 1054 3256 subtrique'iri·
1063 3194 1153 3263 pom

183 3275 370 3357 'posterior
391 3260 464 3337 tion
481 3272 678 3349 terminalis,
701 3276 762 3338 sed
778 3275 909 3338 inferus
934 3290 969 3342 'er
982 3285 1152 3361 paululum

200 3374 241 3439 ai>
263 3376 358 3461 apice
380 3374 510 3473 postico
532 3384 680 3438 'remotus
705 3392 768 3453 est,
790 3378 884 3459 ‘quod
905 3370 1143 3462 Rosam,
1112 3404 1153 3447 rr·

199 3500 276 3542 rum
299 3482 360 3544 cel.
385 3478 592 3587 commovit,
604 3468 922 3559 quiDistomatibus
941 3486 1150 3557 adscriberetr

197 3560 322 3643 liorum
344 3604 431 3645 vero
455 3578 558 3665 po'rus
576 3578 703 3642 'anticus
721 3588 819 3663 sae'pe
836 3602 908 3643 non
923 3587 1152 3667 exquisitearu

201 3676 286 3769 ricus
310 3698 372 3771 est.
390 3699 422 3749 et
439 3680 551 3748 t‘aruen
576 3682 837 3764 a'r'eliquis't'alia
855 3706 929 3747 non
954 3706 1152 3771 separamus.

196 3782 388 3875 Essentiale
409 3786 585 3851 discrimen
612 3786 699 3848 inter
726 3787 969 3869 Amphistoma
992 3794 1152 3857 ernisto

193 3904 251 3957 m
272 3907 348 3954 non
369 3886 547 3968 interesse,
579 3885 702 3954 luben't
725 3886 894 3968 concedo,
924 3894 989 3959 aed
1010 3896 1051 3959 in
1069 3904 1151 3960 tanta
