2452 4478
801 50 815 95 i

552 268 847 354 ‘'47⁰⁴'‘

227 414 343 508 mn),
366 426 461 511 cujus
483 440 584 510 caput
612 428 798 492 diutissime
827 444 892 490 nos
919 421 1032 503 lncrit,
1056 428 1100 491 nl
1118 427 1177 491 Bo·

229 529 449 612 thriocepbali
479 548 588 612 genus
613 533 785 612 pertinere
812 532 1019 593 nnuma
1046 529 1177 607 detexit,

227 654 338 714 eoque
372 634 700 717 Heiminthologiam
735 635 923 714 vaidopere
960 630 1066 693 auxit.
1117 633 1176 695 De

227 736 443 823 scriptionem
480 750 512 798 et
548 738 665 799 icones
703 736 805 813 hujus
838 732 962 815 speciei
992 732 1115 795 nitidas
1144 733 1177 796 in

226 837 343 905 Amici
367 838 555 900 novissimo
579 860 702 917 opere:
741 837 847 901 Urber
873 836 1008 897 lebende
1031 838 1178 897 Wumrr

227 948 273 1007 im
294 941 446 1003 lebenden
468 940 641 1001 Merrreiren
663 940 824 1019 reperies.
868 936 1048 1019 Specimen
1071 937 1177 999 latissi-

228 1064 323 1107 mum
345 1043 517 1123 (pollicem
537 1044 656 1119 iatum)
678 1043 886 1104 Bicchianae
916 1038 1128 1103 collectionis
1145 1039 1178 1102 iu

229 1149 352 1209 Museo
376 1144 566 1224 Znoiccgico
588 1145 804 1209 Beroiinerrsi
827 1156 1002 1207 servatur.'
1061 1162 1065 1167 ·

341 1264 453 1343 Caput
475 1262 626 1335 alterum,
657 1264 749 1344 quod
774 1263 958 1324 Brrusrrr
977 1263 1177 1327 benevolen-

231 1362 274 1431 tia
297 1367 486 1432 examinare
509 1363 664 1444 contigit,
693 1366 775 1426 durs
805 1361 916 1424 tertias
938 1358 1053 1425 lineae
1074 1378 1175 1447 partes
1220 1408 1223 1413 -

231 1471 391 1547 longum,
416 1480 563 1543 quartam
581 1466 700 1540 iatum,
730 1467 771 1529 ad
791 1466 894 1527 latera
911 1463 1095 1543 sulcatum,
1122 1470 1177 1530 cul.

232 1570 278 1631 cis
304 1568 447 1629 Bcchrr'a
469 1566 659 1628 sistentibus
681 1577 714 1631 et
741 1582 929 1629 antrortum
953 1570 1177 1633 convenienti.

231 1670 306 1733 iius.
350 1666 503 1733 Alterius
528 1690 612 1731 vero
641 1668 832 1753 speciminis
859 1665 994 1730 bothria
1014 1696 1090 1738 „011
1111 1694 1177 1735 con·

233 1776 419 1847 venerunt,
456 1770 514 1833 s'ed
550 1770 683 1855 singula
715 1792 863 1855 superne
896 1775 1009 1841 clausa
1040 1776 1178 1842 fuerunt

237 1872 363 1940 Collum
398 1876 454 1939 vel
483 1875 617 1937 nullur'n
652 1876 711 1939 vei
742 1872 992 1943 brevissimum.
1047 1877 1180 1943 Articuli

232 1978 333 2061 partis
360 1976 536 2040 anterioris
564 1974 790 2061 angustissimi
823 1992 856 2039 et
887 1980 1087 2046 brevissimi
1118 1980 1179 2041 sere

233 2099 330 2159 rupes
354 2092 482 2145 tantum
504 2079 633 2145 sistunt.
674 2078 733 2143 De
753 2074 894 2163 reliquis
913 2084 952 2147 in
972 2070 1179 2149 Entozuolo·

232 2180 284 2264 gia
305 2180 327 2242 1¹.
351 2203 377 2244 c.
398 2180 461 2262 egi.
704 2192 707 2197 '

238 2376 242 2381 Ι
302 2380 305 2385 ¹
342 2297 547 2362 Varietatem
570 2321 666 2375 vero,
686 2300 1054 2378 autmonstrositatem‚
1078 2302 1177 2365 siura-

232 2404 298 2475 vic,
311 2398 453 2463 Amicus
476 2403 629 2465 laudatus
651 2402 785 2483 reperit,
805 2423 876 2464 non
891 2407 1178 2484 praetereundam.

233 2505 408 2585 Specimen
432 2488 557 2565 scilicet
579 2503 614 2565 in
635 2505 759 2565 Museo
783 2524 935 2568 caesareo
962 2520 1138 2570 servatum
1151 2518 1177 2568 et

234 2608 366 2689 egregie
400 2608 605 2669 delineatum
633 2606 788 2668 articulos
819 2608 983 2687 quosdam
1019 2607 1177 2670 foramina

233 2708 379 2771 lateralia
407 2709 492 2782 duo,
520 2708 640 2773 eadem
667 2708 759 2773 linea
785 2722 975 2775 transversa
1001 2708 1067 2783 sita
1100 2710 1177 2778 exhi·

232 2812 350 2876 bentes
373 2810 477 2874 offert.
955 2795 962 2802 ’

286 2996 319 3059 2'.
346 2984 681 3077 Bothriocephclus
707 2983 863 3080 plicatus
893 2993 938 3059 R.
962 3011 999 3058 u.
1020 3012 1078 3084 sp.
1101 2983 1174 3060 rab.

380 3121 415 3194 5.
441 3109 467 3173 F
470 3104 518 3199 ig.
547 3120 581 3173 2.
1042 3108 1051 3119 '

337 3251 473 3334 Species
499 3247 743 3313 distinctissime
765 3271 784 3311 a
803 3250 930 3323 chro,
955 3248 1114 3333 fugiente
1136 3272 1173 3313 cc·

231 3354 331 3431 lamo,
354 3353 397 3415 ita
420 3368 533 3417 tamen
557 3353 735 3435 descripta,
763 3367 800 3427 ut
820 3354 1018 3439 Murrum,
1043 3357 1171 3418 Zrueco

232 3469 264 3517 et
294 3457 456 3517 Gumruo
482 3477 544 3536 pro
573 3455 862 3538 Echinorhyncho
895 3453 1077 3534 imponere
1113 3473 1172 3519 uon

232 3555 408 3630 debuisset,
433 3558 521 3621 conf.
543 3557 619 3619 Eut.
642 3560 692 3622 ΙΙ.
716 3576 745 3622 2.
766 3581 798 3639 p.
821 3569 895 3635 309.
918 3557 1004 3623 Obs.

323 3676 401 3755 Ipse
424 3677 514 3738 iliam
535 3676 684 3758 primum
706 3676 741 3738 in
756 3676 914 3737 intestino
933 3689 1026 3737 recto
1040 3678 1172 3761 erhicc

236 3772 353 3837 Gladrt
384 3778 441 3839 diu
465 3778 500 3840 in
531 3776 649 3860 spiritu
678 3776 754 3840 vini
782 3791 982 3840 conservato
1012 3794 1046 3842 et
1067 3776 1172 3862 partim

227 3890 424 3941 maceratam
442 3883 552 3965 reperi
558 3906 571 3959 5
594 3878 751 3963 deinceps
775 3879 943 3966 specimen
969 3885 1011 3945 ab
1030 3887 1093 3950 cel.
1109 3883 1171 3943 Srr-
