2408 4478
544 253 595 273 ···
641 226 725 322 554
773 251 826 274 ·-

294 389 404 470 Caput
425 389 641 459 subovatum‚
663 404 746 466 poro
769 381 935 467 obliquo,
968 381 1052 451 sive
1074 385 1170 451 subin-

210 495 303 566 fero,
328 508 471 570 magno,
499 510 632 569 corporo
655 489 783 548 collum
808 487 965 553 crassitie
988 510 1112 570 parum
1133 511 1171 551 sn

210 608 367 678 perante,
391 593 485 672 apice
506 592 639 652 caudali
662 602 825 666 truncato,
845 611 936 671 poro
961 588 1084 652 medio
1107 589 1170 655 emi·

210 714 313 763 nente
335 698 470 776 exiguo,
490 692 525 753 in
550 693 681 754 minore
704 688 894 773 specimine
916 689 1168 767 subotbiculari‚

216 802 253 863 in
278 802 384 861 altero
404 796 533 861 lobato.

318 913 459 994 Majoris
497 912 689 995 speciminis
726 912 852 973 collum
899 929 1011 991 quam
1060 929 1168 991 corpus

212 1021 320 1082 multo
347 1015 491 1097 longius,
515 1017 658 1078 minoris
681 1028 795 1076 autern
817 1031 943 1092 corpus
970 1032 1088 1094 aeque
1109 1014 1167 1075 lon·

211 1142 293 1204 gum
315 1141 415 1199 quarn
437 1133 536 1198 caput
558 1135 590 1180 et
613 1118 740 1179 collum
759 1113 860 1179 simul
881 1129 1013 1178 sumta.

229 1368 233 1377 ,
265 1307 301 1380 5.
329 1274 585 1384 Ampltistoma
611 1280 945 1384 macrocephalum.
967 1292 1021 1361 Ρι.

320 1438 566 1506 Holostomnm
589 1436 749 1499 variabile
770 1436 937 1498 Nmzscu.
988 1400 1167 1499 Fesmcaiia

215 1539 332 1623 strigis.
376 1541 560 1603 Fnonucu.
590 1541 720 1601 Naturf.
755 1557 805 1616 29.
833 1559 866 1619 p.
890 1553 943 1615 51.
970 1558 1012 1601 n.
1035 1541 1091 1602 26.
1123 1540 1167 1602 Fe

216 1641 354 1704 stucaria
378 1642 447 1701 Oti.
472 1641 674 1721 (sphalmate
700 1642 819 1705 otidis
846 1638 1021 1721 scriptum
1051 1642 1116 1722 est)
1133 1641 1167 1707 ill.

217 1766 249 1826 P·
272 1758 323 1821 55·
346 1764 381 1809 ¹¹·
405 1759 456 1822 27.
648 1836 652 1844 Α
731 1819 734 1825 .
841 1819 847 1832 ,
907 1819 911 1827 .

321 1863 364 1922 In
392 1862 519 1940 Strigis
556 1862 620 1924 0ιί
652 1859 808 1921 tenuibus
838 1859 948 1922 Junio
980 1880 1169 1926 mensem

216 1962 454 2046 piosissimum'
468 1962 589 2043 reperi,
611 1963 811 2043 plerumque
835 1965 966 2038 album,
995 1964 1170 2029 rariusbile

216 2067 369 2144 tinctum,
393 2078 426 2126 et
446 2064 619 2126 interdum
641 2078 750 2125 totum
769 2064 910 2140 flavum,
935 2068 1098 2134 intestini
1118 2092 1171 2155 par·

216 2184 262 2246 te,
286 2189 351 2248 qna
375 2169 522 2247 degeret,
548 2167 673 2229 eodem
695 2168 809 2228 colore
832 2166 978 2231 imbuta.

324 2280 476 2350 Plurima
498 2283 681 2367 specimina
698 2286 798 2346 villos
813 2268 998 2351 moidicus
1019 2295 1171 2372 tenebant,

218 2388 263 2452 ita
286 2380 323 2452 ut
345 2392 548 2471 plerumque
574 2385 649 2446 stria
672 2389 771 2449 rubra
798 2373 1071 2469 longitudinalis
1094 2412 1173 2479 caput

217 2511 412 2572 percurrere
435 2489 619 2550 videretur.
672 2489 786 2571 Capite
810 2503 926 2552 amoto
958 2498 1084 2559 tunica
1112 2497 1174 2560 inte·

220 2593 299 2652 stini
329 2590 451 2652 villosa
486 2589 647 2669 singulari
677 2593 783 2653 modo
805 2591 963 2657 suctione
991 2600 1175 2664 mutatain·

196 2692 373 2764 ,venitur3
403 2711 475 2772 pars
503 2686 594 2785 enim
626 2714 725 2772 quarn
753 2708 872 2758 tenent
904 2698 1077 2782 elongata
1100 2709 1175 2787 apice

219 2795 337 2856 latiore
361 2795 573 2871 terminatur,
602 2805 633 2855 et
656 2795 757 2854 simul
786 2796 865 2857 v'asa
892 2801 1098 2882 sanguinea
1117 2826 1176 2867 con·

221 2894 340 2974 tinent,
365 2915 433 2975 quo
456 2910 589 2977 praeter
612 2895 767 2957 villosam
787 2892 887 2959 etiam
902 2896 1177 2971 'cellulosamore

220 3011 386 3079 arreptam
410 3016 483 3059 esse
512 3011 691 3078 statueres,
721 2998 795 3062 villi
825 3001 919 3064 enim
949 3008 1065 3070 nudis
1091 3008 1177 3073 oculis

221 3096 364 3179 inspecti
388 3120 563 3179 nunquam
587 3121 665 3162 vasa
695 3103 892 3183 sanguinem
918 3107 1098 3176 vehentia
1119 3113 1179 3177 nile

219 3212 310 3262 runt.
356 3199 389 3261 Si
417 3216 528 3264 autem
550 3222 668 3282 porus,
699 3226 767 3284 quo
797 3204 1093 3289 Amphistomata
1113 3217 1180 3279 haec

218 3301 415 3382 affiguntur,
449 3304 596 3384 posticus
626 3305 728 3381 foret,
763 3302 822 3388 qui
853 3325 1044 3395 tantopere
1069 3319 1180 3383 turries

217 3418 347 3466 mutare
370 3422 501 3486 posset,
533 3408 591 3470 vix
620 3429 785 3490 caperem.
833 3412 934 3476 Nihil
966 3419 1063 3483 certi
1085 3436 1181 3485 tamen

217 3502 299 3567 inde
320 3506 456 3573 efficere
482 3514 642 3578 conabor.

308 3626 469 3705 Corporis
489 3631 692 3712 plerumque
717 3631 811 3716 apice
832 3630 968 3713 postico
997 3637 1182 3727 simpliciter

219 3724 401 3805 perforato,
425 3729 595 3795 interdurn
623 3749 732 3797 tamen
756 3735 908 3803 strictura
928 3743 1182 3819 quodammodo

219 3821 364 3888 discreto
393 3845 545 3900 utuntur.
590 3836 709 3901 Ovula
733 3838 837 3902 nullis
866 3838 907 3903 in
945 3845 1182 3928 speciminibus
