2452 4478
574 268 855 341 *tiro-

272 442 417 509 Antioc,
421 460 545 502 annun
566 432 785 520 posthuma,
774 458 811 498 tn
826 424 983 517 Synopai
990 446 1029 499 et
1039 432 1189 499 Mantista

273 566 335 610 suo
358 548 436 606 loeo
460 540 577 606 retuli.
745 554 750 559 ·

232 684 285 746 9¹·
306 664 426 726 Fauna
439 662 544 723 Boica
566 682 639 723 von
651 660 771 720 Funuz
795 674 865 717 vora
881 654 1011 717 Psura
1023 654 1187 717 Somnum

275 766 387 829 Etiam
410 763 493 825 haec
521 760 811 843 Entozoologiam
841 756 961 817 edenti
990 756 1113 819 defuit
1150 759 1185 819 In

276 865 366 930 tertii
397 865 579 955 ultimique
607 860 808 927 Voluminis
842 860 945 919 Parte
983 862 1186 941 seeundap.

278 979 480 1049 177-248.
502 969 648 1031 Vermes
671 950 877 1027 intestinales
908 956 1037 1027 ordine
1062 964 1185 1043 quidem

248 1074 388 1133 “minus
413 1071 510 1129 bono
529 1082 768 1133 'recensentur-
791 1060 924 1149 Ligula,
947 1064 1183 1149 Trichoeepin

267 1175 347 1247 ius,
371 1168 577 1252 Linguatula
606 1168 848 1250 (tramutata),
887 1158 1182 1262 Carpopityllaeda

276 1271 434 1348 Amatis,
464 1274 716 1352 'Cucullanus,¹
741 1268 962 1350 StrongyIuS,¹
1013 1269 1183 1333 Uncinaria

248 1360 510 1457 '(Strongylusi‚
541 1372 734 1438 Festucaria
760 1372 1001 1451 (Monostoma
1030 1386 1066 1437 et
1087 1372 1181 1433 Distu

243 1498 249 1505 ·
275 1498 333 1541 ma
355 1477 505 1553 alatum),
531 1474 702 1551 Distoma,
725 1474 1061 1559 thinorhynchus,
1082 1472 1179 1556 Hyda-

277 1579 366 1656 tula,
400 1580 569 1659 Hygroma
602 1577 833 1659 (Cysticercus
873 1578 1075 1641 Cellulo'sae
1109 1574 1180 1651 eto),
1218 1562 1220 1627 i

246 1662 250 1667 ¹
274 1677 416 1743 Taenia.
461 1676 594 1758 Species
622 1682 725 1743 valde
754 1679 978 1747 missenum·
1010 1680 1113 1768 Quae
1131 1677 1180 1741 tel.

275 1781 352 1841 viro
376 1780 523 1863 propria
542 1795 638 1863 sunt,
675 1781 749 1844 aliis
778 1782 862 1842 locis
890 1781 973 1863 jam
989 1776 1151 1865 publici
1140 1798 1178 1862 Ju-

275 1882 321 1945 ris
357 1883 459 1959 iecit,
498 1882 594 1948 unde
627 1884 805 1968 depromta
836 1880 1154 1969 Entozoologiae
1145 1901 1181 1988 tn·

272 1982 378 2052 serui.
934 1998 937 2005 ·
984 2006 989 2013 ·

240 2240 243 2245 ’
307 2253 350 2318 Ε.
394 2246 598 2340 Scriptores
623 2243 669 2317 de
694 2247 891 2319 vermibus
916 2251 1119 2322 Humanis.

235 2457 309 2525 138.
329 2446 456 2510 Josmr.
478 2446 598 2508 Jurorr
623 2445 809 2507 Historiam
841 2444 1018 2509 vermium
1048 2469 1121 2511 non
1143 2439 1178 2509 vi·

275 2569 344 2611 sam
366 2549 484 2625 retuli,
519 2550 740 2631 postmodum
762 2546 851 2625 vidi,
886 2550 948 2610 sed
979 2552 1026 2612 ad
1049 2568 1176 2616 entozoa

272 2670 345 2713 non
367 2650 526 2730 pertinet.

231 2779 302 2844 142.
324 2765 499 2833 Burscrmt
521 2767 563 2830 de
587 2765 777 2831 Lumbriois
799 2768 875 2850 legi,
898 2767 1076 2836 tritissima
1091 2775 1175 2837 Vett·

271 2891 348 2953 rutn
370 2872 486 2951 placita
509 2870 722 2933 referentem.

227 3003 303 3067 150.
348 2991 537 3053 cremetur
560 2987 682 3068 Operis
712 2985 906 3052 versionem
935 2988 1128 3075 Anglicam
1146 3009 1174 3054 ex

270 3093 472 3153 Dnrsnneo
497 3092 689 3168 attuleram,
711 3106 827 3172 postea
848 3090 934 3159 mihi
954 3093 1085 3164 visam.
1126 3095 1173 3157 Ta·

270 3193 369 3255 bulae
402 3193 491 3253 libro
533 3206 651 3256 octava
684 3195 792 3255 forma
827 3192 919 3254 edito
954 3208 1025 3259 tres
1062 3197 1172 3259 additae

270 3306 349 3354 sunt
370 3296 405 3354 in
428 3294 528 3368 folio,
554 3315 672 3360 omnes
695 3297 745 3360 uti
767 3295 906 3360 videtur
930 3297 1087 3365 Cur-:ruer
1107 3302 1172 3383 figu·

268 3413 320 3454 ras
344 3398 567 3461 continentes

221 3509 298 3590 459.
322 3495 463 3559 Litteras
484 3499 673 3562 BtAncnrnr
693 3501 741 3581 (p.
763 3513 838 3578 254
860 3498 898 3558 in
923 3502 969 3577 8.)
997 3524 1095 3568 nunc
1113 3519 1169 3586 pos

224 3595 377 3671 sideo,
408 3590 545 3661 minoris
572 3602 749 3666 momenti.
792 3602 850 3663 De
881 3602 1021 3688 origine
1044 3629 1090 3671 ex
1106 3605 1169 3667 Vd

264 3695 392 3757 lisnieri
410 3717 544 3777 mente,
568 3707 669 3766 nidos
693 3703 864 3766 vermium
893 3704 932 3767 in
965 3728 1075 3774 coeco
1097 3727 1169 3775 essu

264 3794 380 3857 'contra
399 3798 619 3870 Murranum
645 3807 767 3873 febres·
775 3807 990 3892 petethiales
1013 3836 1033 3880 a
1054 3804 1169 3880 lumbri·

263 3894 308 3961 cis
331 3900 553 3974 derivantem.
