2408 4478
415 206 695 328 ‘²755'

43 486 45 490 v
121 394 179 470 27.
204 378 343 450 Ascaris
375 377 490 449 fallax
515 384 563 454 R.
588 403 625 449 n.
650 403 705 474 sp.
725 432 733 490 3

179 509 379 569 Bneusmrus
403 508 590 591 specimina
613 508 707 572 misit
736 507 773 570 in
796 510 956 571 Lacertae
977 512 1028 570 vi·

65 613 157 673 ridis
179 613 368 672 ventriculo
393 626 539 693 reperta,
571 611 714 694 ipseque
735 610 857 672 similia
883 610 920 670 in
935 607 1026 671 illius

65 713 230 775 intestino
254 714 312 774 sed
335 728 467 775 mortua
490 716 612 794 reperi,
635 713 755 788 albida,
779 714 926 775 mascula
949 731 1055 790 qua,

67 829 147 875 tuor
176 817 216 876 ad
240 814 409 896 quinque,
447 815 595 900 feminea
629 815 782 897 quinque
806 817 847 878 ad
871 828 1026 895 quatuor·

68 917 182 980 decim
203 918 321 990 lineas,
344 920 456 1000 longa,
480 915 639 980 crassitiei
662 918 858 982 mediocris.

177 1020 308 1102 Capitis
329 1024 490 1084 valvulae
514 1022 599 1083 duae
622 1042 724 1108 saepe
747 1025 781 1082 in
805 1032 1022 1101 conspectum

14 1118 21 1129 ⁴
67 1122 230 1195 tremunt,
255 1123 372 1186 tertiae
400 1123 571 1186 interdum
593 1125 722 1205 species
752 1124 813 1185 sed
838 1122 951 1183 minus
981 1119 1026 1180 di·
1064 1117 1065 1120 ’

66 1222 188 1285 stincte
213 1240 329 1286 exorta
354 1240 419 1299 est3
447 1227 526 1290 illae
550 1243 621 1289 tum
647 1227 852 1307 majusculae
881 1226 1022 1284 obtusae

66 1343 127 1385 seu
151 1328 366 1399 rotundatae;
392 1327 564 1396 interdum
596 1349 717 1391 omnes
741 1332 904 1389 obscurae
926 1325 1023 1398 frunt,

63 1431 264 1490 membrana
296 1429 458 1508 utrinque
499 1431 629 1495 laterali
668 1428 827 1494 exhibita.
891 1425 1044 1506 Corpus‘

49 1527 225 1610 ·utrinque
249 1531 434 1610 aequaliter
455 1548 676 1598 attenuatum.
714 1531 833 1603 ,Gauda
855 1531 954 1588 maris
974 1529 1021 1586 in·
1086 1596 1087 1599 ,

61 1629 162 1704 flexa,
196 1633 247 1699 ala
268 1633 427 1715 utrinque
448 1635 598 1713 deflexa,
628 1632 781 1727 feminac
810 1627 1021 1705 rectiuscula,

61 1736 227 1814 depressa,
252 1738 381 1803 obtusa.

147 1849 348 1917 Ascaridem
372 1875 445 1920 esse
466 1858 634 1938 suspicor3
662 1848 927 1939 quibus-vivam
947 1867 1021 1912 exa·

60 1951 192 2014 minare
215 1959 400 2039 contigerit,
422 1978 494 2021 rem
515 1959 706 2023 conficiant.

115 2106 176 2178 28.
203 2099 340 2168 Ascaris
366 2099 609 2198 nigrovenosa
635 2104 732 2174 Zau.

165 2225 356 2306 Specimina
387 2230 462 2292 satis
490 2251 615 2314 magna
646 2231 684 2294 in
714 2225 863 2319 Bufonis
893 2221 1019 2289 viridis

54 2328 282 2410 pulmonibus
304 2345 446 2413 reperta,
469 2354 555 2414 quae
578 2335 777 2396 Bneusrnus
799 2328 906 2404 misit,
937 2343 1018 2388 cum

53 2431 126 2492 illis
157 2451 176 2490 a
204 2451 259 2492 me
294 2431 368 2494 aliis
398 2431 437 2497 in
469 2432 664 2521 Amphibiis
695 2433 845 2500 inventis
874 2427 1016 2493 omnino

53 2545 281 2601 conveniunt·

107 2705 169 2779 51.
194 2690 336 2765 Ascaris
361 2693 623 2764 vermicularis
647 2700 766 2765 Lmu.

159 2822 203 2884 In
225 2834 357 2903 tempus
379 2843 449 2904 quo
472 2843 580 2886 mares
614 2822 716 2904 hujus
745 2817 888 2904 speciei·
904 2834 1016 2878 occur·

48 2930 140 2999 rant,
163 2923 318 2987 Berolini
345 2925 436 2996 1816.
458 2923 632 3005 inquirere
655 2923 786 3006 incepi,
820 2919 879 2982 sed
908 2935 1013 2997 nego·

47 3026 108 3090 tiis
133 3027 274 3088 obrutus
293 3047 366 3089 rem
388 3029 545 3092 nondum
573 3024 718 3100 confeci,
752 3021 931 3103 aliquoties
954 3016 1014 3078 sal-

46 3141 124 3190 tem
151 3149 309 3212 magnam
348 3129 467 3193 harum
500 3127 706 3208 Ascaridum
740 3129 872 3209 copiam
904 3121 963 3186 vel
992 3139 1013 3180 a

43 3228 168 3313 pueris
193 3231 357 3312 dejectam
380 3235 438 3296 vel
459 3231 496 3295 in
512 3231 675 3295 cadavere
697 3245 862 3313 repertam
885 3219 1010 3289 exami-

42 3331 134 3396 navi
156 3354 271 3415 neque
293 3338 398 3397 ullam
429 3333 612 3398 masculam
639 3331 772 3396 inveni.
827 3330 884 3392 Ill.
905 3327 1011 3396 Sonit-

42 3454 261 3498 maanmorus
284 3449 400 3500 tamen
420 3437 553 3501 felicior
573 3435 648 3513 fuit,
672 3435 726 3500 cui
756 3447 789 3498 et
807 3433 1008 3494 Buausanus

44 3549 83 3600 et
106 3557 173 3619 ego
195 3537 378 3620 specimina
398 3551 512 3600 nostra
534 3541 686 3601 mascula
710 3539 888 3601 debemus.

157 3639 264 3722 Caput
286 3642 386 3724 hujus
409 3641 536 3723 speciei
565 3645 697 3722 quoties
725 3635 1004 3712 examinaverim,

39 3741 152 3804 fidem
184 3743 257 3806 sere
291 3758 442 3826 superat,
477 3747 607 3815 nullam
640 3756 753 3805 tamen
785 3736 1004 3805 examinandi
1085 3783 1093 3790 -

38 3843 258 3907 occasionem
275 3844 514 3929 praetermitto,
538 3868 620 3909 cum
632 3847 843 3922 Bemmaris,
867 3841 1008 3907 deliciae
