2408 4478
546 263 833 355 ...256-

204 428 329 499 ve'ntre
351 426 457 517 magis
479 451 675 497 convexum
694 435 750 509 fita
774 431 868 499 linea
892 432 958 503 illa
990 454 1168 513 tamenta

204 542 281 604 lore
303 537 408 620 magis
440 557 542 617 quam
573 539 771 601 membrana
809 541 993 611 eminente
1032 564 1166 615 notatur.

207 643 325 705 Cartala
346 641 451 700 maris
474 639 622 714 deflexa,
651 638 745 721 apice
768 641 832 720 (ad
852 642 974 711 lineae
997 652 1168 737 longitudi-

205 748 304 821 nem)
325 743 435 807 obiter
455 742 637 819 incurvo,·
661 741 818 807 vesicula
843 746 1014 833 utrinque
1038 757 1114 822 alae
1133 756 1168 819 in·

206 863 272 911 star
293 844 479 909 lateraliter
499 853 671 926 prostante
694 860 803 922 aucto,
849 851 903 913 ala
927 854 1068 923 scilicet
1090 861 1167 925 later·

204 950 251 1015 ali
275 947 438 1029 utrinque
465 946 652 1011 introrsum
671 949 830 1014 involuta
858 964 895 1017 et
923 976 1059 1039 aquam
1081 962 1167 1027 conti·
1203 1013 1204 1018 η

204 1066 327 1126 nente,
370 1051 474 1113 unico
497 1049 660 1113 hactenus
682 1052 721 1113 in
741 1052 985 1121 Nemetoideis
1009 1068 1165 1149 exemplo.

205 1156 338 1219 Ultima
361 1151 464 1233 apicis
486 1172 562 1233 pars
585 1156 732 1235 papillae
761 1156 866 1221 instar
897 1162 1049 1229 eminet.
1091 1168 1164 1233 Gutir

206 1257 384 1325 vesiculae
407 1252 549 1317 dorsalis
589 1259 683 1319 strias
722 1260 853 1341 aliquot
889 1262 1164 1337 horizontalerct

206 1361 384 1451 parallelas
410 1358 521 1421 offert»
584 1359 681 1423 Inter
712 1376 890 1445 utramque
919 1369 1163 1439 vesiculemir

204 1465 311 1552 apicis
345 1462 492 1525 caudalis
528 1461 633 1525 latere
660 1460 817 1528 inferiori
839 1480 873 1529 et
893 1473 1019 1537 medio
1044 1477 1161 1559 quiden

205 1574 286 1637 loco
307 1564 507 1631 tuberculum
527 1561 689 1645 exiguum
710 1566 921 1646 perforatum
932 1575 1070 1641 coleris
1080 1580 1161 1645 ferre

206 1669 312 1757 gnei,
337 1690 381 1732 ex
403 1686 472 1747 quo
493 1668 639 1748 genitale
664 1670 839 1733 marculum
860 1674 1114 1745 tenuissimum
1129 1704 1161 1749 tc·

202 1790 300 1841 ctum
330 1768 479 1851 satisque
511 1772 656 1855 longum
686 1770 839 1855 emergit.
896 1774 1018 1845 Gauda
1028 1779 1160 1873 foruna

178 1882 366 1964 ‚depressa
388 1872 519 1955 apicem
539 1872 723 1939 incurvum
745 1873 820 1939 sive
841 1878 1053 1973 uncinatum
1081 1902 1113 1953 et
1126 1908 1160 1972 pe

206 1985 292 2071 pille
314 1977 546 2054 terminatum,
590 1977 649 2040 alis
677 1990 790 2045 autem
810 1998 953 2063 prorsus
978 1986 1159 2055 destitutm

208 2091 304 2154 sistit.
591 2162 595 2171 ¹

317 2170 402 2251 libs.
432 2164 478 2245 in
513 2180 688 2265 speciebus
722 2174 863 2269 reliquis
897 2174 1065 2261 mihimet
1090 2194 1159 2267 natis

207 2300 281 2364 alae
318 2289 447 2354 caudae
479 2289 647 2350 masculae
682 2287 721 2350 in
751 2290 919 2355 vesiculas
944 2297 1082 2363 clausas
1107 2316 1159 2362 non

208 2407 346 2472 co'e'unt,
389 2393 452 2455 sed
478 2390 665 2454 vesiculam
684 2392 826 2457 inferam
847 2418 1012 2479 magnam
1037 2416 1161 2485 apertam

209 2505 406 2584 elfingunt‚·
441 2517 510 2577 quo
532 2514 658 2557 nomen
680 2500 801 2576 generi
822 2499 936 2580 specie
961 2504 1031 2567 hac
1055 2518 1161 2569 tantm
1203 2569 1204 2578 ,

209 2605 346 2690 cognita
366 2598 563 2681 impositum
578 2596 678 2661 etiam
695 2600 884 2681 inreliquis
905 2605 1160 2695 tolerartpaeit

260 2713 296 2820 Ξ.
319 2740 587 2836 Physalopt'era
612 2741 708 2812 alata
732 2734 779 2818 R.
803 2768 842 2818 n.
869 2758 924 2841 sp.

318 2889 510 2978 Specimina
532 2882 662 2971 aliquot
688 2889 726 2954 in
755 2890 908 2957 Falconis
935 2880 1032 2961 Nisi
1058 2882 1163 2967 venni-

209 3004 289 3069 'culo
315 3016 349 3065 et
373 3002 404 3060 F.
418 2997 534 3077 gallici
551 2992 724 3082 *intestinis
746 3009 879 3078 reperta
901 2998 1166 3069 Buensrtnusmi·

209 3108 262 3182 sit,
285 3118 319 3168 et
340 3099 529 3163 consimilia
550 3096 587 3159 in
611 3081 646 3162 F.
667 3104 809 3187 penrracr'
825 3100 1028 3169 ventriculo
1043 3106 1168 3175 invenlt

210 3207 249 3272 in
271 3207 397 3269 Museo
420 3200 618 3263 Viennensi
641 3201 724 3264 vidi.

317 3330 363 3390 In
383 3325 529 3387 Falcone
561 3322 648 3385 Niso
680 3324 768 3387 lecta
801 3325 954 3388 mascula
996 3328 1167 3399 duodecin

209 3433 255 3496 e'd
278 3428 451 3502 tredecim,
475 3424 661 3487 femineum
683 3424 819 3505 (junius
831 3429 954 3509 procul
969 3432 1103 3515 dubio)
1122 3444 1167 3499 ml

212 3535 322 3596 ¹decim
344 3547 474 3594 tuntum
496 3530 618 3600 lineas;
658 3526 696 3588 in
728 3530 867 3593 Falcone
892 3531 1024 3610 gallico
1053 3552 1168 3625 repom

212 3638 398 3697 masculum
420 3655 489 3707 sex,
512 3633 699 3693 femineum
726 3631 889 3694 undecim
915 3634 1031 3705 lineae
1061 3662 1167 3727 aequa·

209 3740 301 3802 bant.
345 3739 451 3800 Color
472 3738 578 3798 alb'uS.

321 3839 428 3921 Caput
439 3842 572 3906 alatum.
596 3839 820 3923 alautrinque
834 3855 1032 3909 antrorsum
1048 3844 1165 3921 latiore.
1203 3848 1204 3856 ’

210 3941 342 4031 poetice
365 3956 617 4013 evanescente..
645 3946 697 4013 Os
719 3946 922 4031 orbiculare,
954 3956 1108 4035 quatuor
1124 3941 1164 4013 uti
