2408 4478
367 309 649 384 *2255-

20 459 248 548 explicamus,
293 455 482 534 terminale,
517 453 630 522 abasi
652 455 782 532 sensim
803 453 997 546 dilatatum,-

21 570 125 651 apice
168 580 337 638 truncato,
384 563 443 623 sed
471 561 603 624 ibidem
634 561 809 646 trigonum
839 570 998 653 videtur*¹

21 671 125 753 quod
146 690 166 731 a
187 664 282 732 vario
302 665 417 727 forsm
437 662 576 726 entozoi
597 675 683 728 statu
703 667 842 750 pendet.
871 698 894 735 η

43 902 52 915 ,
81 790 458 939 50Trichocepl1alus
483 811 695 920 officiis.¹

119 985 205 1052 Am.
229 987 383 1049 Nmscn
405 981 593 1066 specimina
621 987 690 1050 duo
714 980 867 1053 feminea
888 987 992 1071 misit,

25 1087 69 1155 in
97 1090 202 1154 Corvo
228 1089 391 1178 Capreolo
411 1102 553 1169 reperta,
598 1109 747 1169 quorum
770 1093 916 1156 alterum
939 1110 992 1174 22,

24 1197 179 1261 alterum
204 1200 246 1268 18
265 1192 370 1256 lineas
395 1191 541 1273 longum
562 1191 636 1268 luit,
658 1191 759 1274 hujus
781 1210 875 1277 parte
887 1217 995 1265 crassa

23 1301 201 1381 quinque,
244 1295 426 1360 illius·sex
452 1293 515 1354 sibi
544 1293 716 1356 vidicante
737 1296 858 1373 lineam
906 1322 994 1382 quae
1014 1366 1017 1371 ,

22 1416 120 1464 certe
140 1402 242 1482 partis
256 1395 429 1481 'capillatis
453 1396 633 1480 longitudo
665 1397 789 1460 eximia
812 1400 994 1472 Trichone-

23 1503 175 1588 phalum
197 1503 336 1564 alfinem
355 1497 473 1582 arguit,
494 1497 572 1559 licet
593 1516 704 1564 mares
727 1522 799 1564 non
821 1502 906 1572 vidi.

11 1611 42 1643 “⁵
138 1604 339 1687 Burrenum
377 1600 564 1682 specimina
599 1591 729 1681 aliquot
762 1601 857 1667 misit
885 1587 921 1670 in
945 1602 994 1672 in·

27 1698 156 1773 teetino
180 1724 285 1770 coeco
307 1688 481 1786 Anctlop'es
500 1706 713 1786 Rupicapros
732 1705 889 1784 inventa,
912 1727 995 1773 mas·
1133 1763 1136 1772 .

28 1813 113 1877 culs
143 1806 304 1892 pollicem
341 1817 375 1869 et
407 1826 536 1872 novem
563 1808 689 1881 lineas,
732 1808 885 1872 leminea
905 1812 994 1877 duos

28 1913 177 2000 pollices
198 1924 232 1973 et
253 1906 459 1974 tres-lineas
480 1909 604 1991 longa,
628 1928 771 1990 corpore
793 1909 897 1973 totius
920 1913 994 1977 lon·

27 2013 195 2102 gitudinis
219 2012 302 2073 duas
324 2027 433 2073 nonas
455 2022 565 2088 partes
590 2007 654 2071 sibi
675 2010 882 2077 vindicante.
903 2016 994 2082 ‘rotz

26 2117 188 2203 eorporis
223 2113 309 2179 ratio
349 2112 472 2179 eadem
509 2130 547 2172 ac
578 2109 839 2196 Trichocepheli
871 2116 993 2198 affinis,

22 2239 142 2304 ‚quem
162 2215 293 2299 ipsein
318 2215 405 2277 Ovis
428 2225 461 2275 et
486 2213 594 2276 Bovis
614 2232 718 2276 coeco
743 2216 916 2299 Gryphiae
935 2221 993 2285 lu·

25 2323 101 2393 nio.
118 2335 153 2385 et
174 2313 370 2382 Novembri
392 2313 520 2394 reperi,
550 2315 611 2376 sed
637 2314 675 2378 in
694 2317 781 2380 meis
801 2318 996 2402 specimiui·
1087 2313 1104 2334 ”

25 2422 265 2506 busgenitale
282 2418 475 2480 masculum
497 2413 613 2478 minus
634 2419 782 2501 longum
804 2437 865 2485 est.
910 2423 994 2491 Hoc

20 2541 186 2593 ceterum
213 2524 250 2586 in
279 2523 384 2584 altero
412 2517 592 2581 Burnum
619 2520 808 2601 specimine
829 2523 994 2609 vaginam
1045 2553 1047 2557 ⁴

20 2644 178 2704 ,tenuem
195 2623 443 2708 longiusculam
463 2618 657 2698 incurvam,
690 2642 735 2687 ex
758 2627 863 2690 altero
887 2631 992 2712 spicio

28 2732 164 2799 caudae
183 2731 287 2792 latere
310 2725 558 2807 egredientem,
580 2725 666 2806 stylo
687 2746 761 2787 non
785 2732 928 2806 emisso;
951 2730 992 2797 in

24 2839 140 2904 altero
163 2827 376 2898 consimilem
403 2826 465 2890 sed
490 2836 618 2892 rectam
649 2826 783 2899 obtulit.
832 2831 908 2897 Ova
926 2845 994 2918 pro*

16 2928 137 3011 more·
680 2948 684 2958 '
979 2929 981 2933 ’

130 3037 234 3102 Idem
256 3032 320 3100 cel.
340 3030 395 3100 vir
416 3026 694 3117 specimina'duo
716 3028 875 3110 mascula,
920 3043 987 3100 ten

14 3143 181 3221 tiumque
202 3139 395 3202 femineum
416 3136 519 3213 misit,
546 3138 585 3196 in
613 3136 787 3215 Antilopes
807 3137 985 3203 Dorcads's

14 3241 192 3310 intestinis
225 3241 339 3303 crassis
363 3252 503 3322 reperta,
546 3229 638 3298 duos*
661 3235 804 3318 pollices
835 3252 869 3303 et
892 3237 990 3320 quod

16 3343 173 3414 excurrit
194 3345 307 3424 longa,
331 3356 424 3423 parte
448 3332 597 3422 capillari
627 3334 842 3420 longissima,
872 3337 988 3428 longi-t

16 3446 151 3514 tudinis
173 3447 276 3519 totius
298 3446 386 3505 ultra
408 3457 473 3504 tres
502 3439 622 3503 tertias¹
643 3453 753 3522 partes
783 3439 847 3502 sibl
876 3438 990 3510 vindi«

17 3566 133 3618 cante.
179 3545 336 3611 Genitale
355 3545 547 3608 masculum
568 3541 661 3605 haud
683 3557 856 3607 exsertum
878 3555 941 3610 eet.
976 3564 980 3597 τ

73 3701 113 3776 4.
138 3685 452 3780 Trichocephalus
476 3675 737 3779 unguiculetus
762 3689 809 3755 R.

95 3834 195 3902 ‚Am
226 3835 350 3898 Busuu
375 3827 663 3913 Trichocephalos
693 3826 862 3909 plurimos
899 3828 982 3898 misi

23 3954 108 4008 ante
128 3941 329 4023 complures.
352 3952 461 4002 annos
489 3935 527 3997 in
551 3929 711 3998 Cuniculo
735 3925 814 4021 foro
840 3920 991 3998 asere-

687 4033 720 4101 1,
1050 4043 1053 4049 .
