2452 4478
488 234 668 313 *488
720 258 773 282 ··

262 388 386 459 'Altera
404 411 481 475 pars
503 404 679 475 tantopere
701 402 865 456 macerata
884 393 962 470 fuit,
983 405 1023 460 ut
1044 393 1114 461 sub'·

157 493 312 560 stantiam
333 514 472 562 tenuem
494 498 642 559 mediam
677 495 837 557 omnihus
858 495 1009 559 articulis
1032 519 1114 561 com·

156 620 314 678 munem,
348 596 525 677 utriusque
554 599 668 662 lateris
696 612 870 661 externam
889 598 973 660 huic
990 600 1115 682 apposi-

157 717 225 764 tam
260 701 400 782 singulis
437 700 609 782 propriam
638 719 726 775 esse,
761 698 966 782 dignoscere
997 704 1113 784 possit,

159 805 252 884 quod
275 817 371 864 antea
395 823 503 882 aeque
526 807 616 867 bene
636 823 709 863 non
731 800 817 868 vidi.

209 974 246 1048 5.
273 960 410 1030 Taenia
436 964 615 1053 pectinata
641 966 781 1032 Gonzn·

266 1108 337 1169 Cel.
360 1109 547 1170 Turturum
569 1107 745 1190 specimen
774 1107 881 1188 capite
911 1106 1111 1173 instructum

158 1210 319 1274 ianuario
344 1228 459 1274 mense
481 1211 518 1272 in
551 1214 678 1290 Lepore
711 1211 831 1272 timido
859 1226 1036 1291 repertum
1053 1233 1113 1276 ms-

160 1334 237 1376 curn
245 1290 527 1375 communicavit.
567 1312 681 1392 Caput
695 1315 855 1373 obtusum
871 1312 1113 1377 brevissimum

160 1417 271 1480 oscula
293 1414 401 1476 entim
432 1414 545 1480 habet.
600 1414 756 1496 Reliquis
783 1412 942 1476 addenda
971 1433 1049 1475 non
1068 1433 1111 1478 re·

159 1520 245 1600 peri.

271 1619 344 1681 Cel.
380 1617 560 1680 Froncrcra
582 1608 728 1696 (Naturf.
769 1636 822 1695 29.
849 1641 883 1701 p.
922 1635 975 1698 77.
1005 1639 1044 1683 n.
1068 1629 1113 1695 45

161 1718 389 1798 Tab.11.Fig.
418 1721 567 1798 17-·20.)
593 1722 745 1783 Taeniam
767 1721 959 1783 Mormocne
986 1719 1054 1783 sibi
1074 1719 1112 1782 tli-

164 1837 248 1885 ctam
277 1844 294 1885 a
322 1820 476 1903 leporina
505 1823 696 1885 distinctam
734 1821 841 1886 visam
862 1821 909 1884 ita
933 1822 1112 1907 descripsit,

162 1942 201 1988 ut
222 1925 366 1987 eandem
390 1942 463 1985 esse
486 1940 604 2004 pateat.

270 2030 314 2089 In
336 2028 465 2104 aliquot
492 2029 728 2091 Marmotarum
757 2021 924 2089 intestinis
948 2025 1112 2108 copiosam

163 2127 304 2211 deperitg
326 2126 360 2186 in
385 2127 497 2188 adulta
526 2129 624 2207 (Julii
656 2131 688 2194 d.
713 2129 769 2206 28)
793 2126 1042 2208 quinquaginta
1064 2127 1111 2188 cir·

164 2231 246 2294 citer
264 2228 446 2311 specimina
468 2233 607 2309 reperit,
638 2251 781 2311 quorum
805 2227 959 2309 quinque
983 2230 1025 2290 ad
1048 2249 1110 2310 sep-

165 2349 233 2396 tem
258 2332 425 2392 interdum
451 2334 635 2394 convoluta
661 2332 857 2395 intestinum
880 2332 1106 2394 extenderunt.

269 2433 458 2517 Specimina
480 2434 573 2507 vidit,
596 2456 745 2514 quorum
766 2430 894 2493 articuli
919 2437 1043 2512 postici
1054 2455 1109 2496 me

164 2535 222 2600 dio
246 2535 406 2617 perforati
435 2550 545 2611 erant,
579 2535 652 2597 aliis
686 2531 875 2599 individuis
903 2531 985 2596 illos
1014 2557 1110 2619 pene·

164 2637 336 2708 mantibus.

212 2808 251 2879 4.
276 2799 407 2870 Taenia
432 2797 634 2869 lanceolata
661 2801 798 2871 Gonzn.

270 2946 425 3009 Berolini
460 2944 576 3028 Aprili
603 2965 722 3008 mense
760 2944 795 3006 in
827 2943 974 3028 Colymbi
999 2947 1111 3010 subcri-

164 3054 252 3110 sbatr'
279 3049 438 3112 intestino
469 3048 582 3110 medio
613 3048 755 3108 Taenias
786 3049 868 3109 duas
895 3051 1010 3127 reperi
1032 3071 1112 3112 mot·

163 3162 246 3223 tuas,
270 3154 409 3214 alteram
432 3151 593 3232 majorem
615 3164 648 3212 et
670 3151 875 3225 crassiorem,
899 3171 1016 3229 neque
1039 3175 1112 3217 ova·

164 3251 232 3327 riis,
253 3274 368 3334 neque
391 3252 558 3314 lemniscis
583 3252 764 3334 insignem,
785 3252 889 3333 capite
914 3255 1049 3330 orbam,
1073 3257 1111 3318 al·

164 3368 270 3420 teram
299 3357 484 3430 minorem,
522 3377 620 3436 quam
655 3357 720 3417 nisi
752 3355 809 3415 illa
832 3357 919 3415 collo
943 3355 1111 3434 instructa,

162 3458 247 3522 haec
266 3479 361 3538 vero,
383 3458 432 3517 uti
454 3479 535 3519 mox
550 3459 689 3533 dicetur,
705 3457 851 3519 maxime
875 3459 1018 3520 evoluta
1038 3460 1113 3522 suis·

162 3573 222 3632 set,
246 3582 307 3640 pro
330 3559 421 3621 illius
444 3575 536 3640 parte
559 3561 758 3623 habuissem.
804 3560 1000 3639 Longitudo
1025 3561 1112 3624 illius

163 3677 296 3739 septem
326 3682 401 3722 cum
425 3660 582 3738 dimidio,
616 3663 716 3744 hujus
737 3683 796 3724 sex
818 3663 977 3743 pollicem
1011 3664 1114 3727 latitu-

165 3763 209 3824 do
241 3781 370 3824 summa
395 3763 487 3827 illius
517 3765 681 3847 quinque,
719 3764 819 3848 liujus
848 3778 914 3830 tres
938 3765 1048 3832 lineas
1067 3786 1113 3830 ae·

164 3866 296 3947 quabat·
