2452 4478
581 204 760 334 -1688
812 279 869 371 ἡ·

131 416 136 431 ’
237 425 302 485 tim
323 413 443 501 posita,
466 436 615 497 quorum
637 415 717 476 bina
740 411 909 495 utrinque
934 417 1096 483 lateralia
1111 425 1201 486 hortu·

131 592 134 607 Α
236 527 300 585 lum
315 541 459 602 parvum
471 521 605 580 fuscum
617 516 784 587 emittunt,
793 514 962 596 quintum
976 523 1200 588 intermedium

239 641 343 704 quarn
356 622 546 685 lateralium
570 621 638 682 duo
662 619 828 689 anteriora
842 623 1040 701 paululum
1059 629 1159 712 magis
1169 653 1201 693 re-

227 705 430 797 'trocerlens
446 725 581 785 nullum
604 738 765 784 exserens
788 719 994 802 hamulum,
1013 731 1080 794 sed
1099 731 1201 814 papilla

240 830 315 889 alba
329 827 480 886 clausurn
496 838 642 904 apparet,
652 836 729 885 cute
751 822 866 886 forsan
889 828 973 908 pori
996 829 1201 914 internapro

238 927 383 989 aninula.
432 927 561 1006 Corpus
581 924 687 1007 plicis·
701 925 905 991 transversis
929 930 1025 993 laxis
1049 954 1201 1018 rugosum,

238 1043 333 1110 parte
357 1027 565 1108 posteriore,-
577 1026 705 1090 lineam
725 1028 847 1109 longa,
872 1037 1097 1114 angustiore,
1111 1041 1158 1101 'ad
1173 1041 1201 1100 lr-

240 1146 311 1193 tera
331 1151 434 1210 quam
457 1131 625 1209 reliquum
645 1147 766 1209 corpus
789 1130 1081 1213 magistrenata.
1120 1139 1199 1223 Apu

240 1233 390 1314 posticus
416 1235 555 1293 obtusus
580 1232 824 1291 foraminulum
857 1236 1053 1302 continere
1074 1241 1196 1305 videtur.

349 1334 428 1396 Obs.
455 1351 483 1396 1.
510 1335 728 1396 Crocodilum
752 1348 787 1397 et
808 1336 999 1400 Crotalum
1023 1341 1120 1406 idem
1130 1346 1194 1407 Pers

238 1450 380 1498 tastorna
402 1437 635 1522 ⁴pulmo-nibus
675 1437 796 1499 lovere
829 1458 906 1499 non
939 1441 1099 1522 mirum,
1136 1468 1190 1508 cura

236 1541 368 1618 Equus,
391 1535 532 1610 Asinus,
556 1536 656 1600 Canis
679 1550 712 1600 et
724 1537 842 1618 Lupus
864 1542 968 1605 idem
993 1548 1189 1610 Pentastomr

173 1651 177 1660 “
238 1638 426 1704 taenioides
450 1638 592 1700 sinubus
614 1638 813 1701 frontalibus
837 1642 1069 1722 contineant3
1089 1652 1186 1713 forsan·

238 1762 306 1822 que
329 1743 472 1822 Caprae,
499 1742 644 1823 Leporis
669 1753 703 1804 et
723 1741 882 1823 Cobaya'e
905 1745 1183 1815 Pentastomatar

235 1861 293 1904 me
316 1843 418 1904 dubie
442 1844 583 1906 seorsim
603 1856 797 1906 enumerata
828 1844 962 1924 pariter
992 1872 1102 1915 unam
1127 1875 1180 1916 coa.

204 1961 210 1973 ·
236 1945 375 2006 stituant
401 1949 560 2026 speciem,
916 1958 919 1965 '

349 2047 430 2110 Obs.
452 2066 483 2110 2.
505 2051 621 2109 Dubia
651 2067 736 2128 quae
756 2067 791 2129 p.
814 2063 888 2126 535.
913 2051 1008 2115 circa
1039 2057 1174 2142 descripti·

237 2174 344 2214 onem
376 2156 417 2212 ab
450 2151 497 2211 ill.
521 2148 742 2210 iunaxrtunno
778 2169 822 2210 AB
850 2152 1068 2221 Huaanoanr
1096 2163 1171 2223 datan
1217 2158 1218 2164 '

235 2255 349 2331 habui,
373 2252 499 2316 vermis
522 2252 680 2313 examine
701 2252 895 2314 confirmata
919 2272 1020 2328 sunt.
1216 2342 1218 2351 A

1217 2354 1218 2377 t

476 2425 529 2484 D.
588 2419 1045 2513 Οοσιοίιίβα..)
1151 2380 1218 2505 ‘j

281 2573 342 2649 84.
368 2566 708 2655 Gymnorhynchus
734 2583 881 2659 reptans
910 2575 963 2643 R.

274 2697 417 2777 SynopS.
440 2718 471 2775 p.
498 2712 569 2772 129.
592 2718 624 2757 n.
651 2699 852 2762 1.Mantiss
875 2720 911 2778 p.
934 2711 1017 2777 444.

339 2801 380 2858 G.
403 2800 546 2875 Gavisa,
569 2798 637 2858 Vir
658 2798 909 2878 illustris,‘cu1n
931 2804 1060 2867 litteris
1089 2821 1168 2886 nuper

231 2899 362 2979 (Martii
391 2912 479 2976 1819.
504 2900 537 2962 d.
557 2899 706 2977 XXIII.)
728 2901 809 2962 datis
822 2923 885 2980 pro
910 2921 975 2964 sua
1000 2908 1040 2968 in
1064 2931 1117 2971 me
1133 2910 1167 2966 be·

229 2998 429 3063 nevolentia
454 3000 734 3084 Gymnorhynchi
756 3003 844 3064 inter
864 3006 1019 3068 Brumae
1042 3014 1169 3085 Rajiur

130 3138 132 3147 x
229 3121 289 3162 nes
321 3101 432 3178 obvii,
477 3101 755 3186 Bothrioceplrali
787 3106 980 3168 ventricosi
1024 3115 1088 3175 sibi
1116 3105 1169 3172 dicti

229 3205 329 3286 (olim
353 3205 495 3266 ScolecIS
519 3207 679 3288 glgantei)
703 3208 842 3288 figurant
860 3209 968 3284 misit,
986 3217 1053 3274 sed
1070 3234 1170 3294 corpore

229 3330 293 3369 riou
322 3308 501 3369 articulato
542 3330 559 3368 a
593 3306 884 3388 Botlrriocephalis
923 3314 1018 3374 mihi
1061 3318 1169 3396 quidem

230 3409 333 3470 alieni
356 3410 430 3486 visi,
453 3411 585 3487 quade
608 3432 646 3472 re
666 3407 828 3470 Mantissa
848 3412 872 3473 l.
897 3436 927 3477 c.
951 3421 1148 3483 conferatur.

258 3518 670 3639 ⁸85.Tetro1·ltynohus
698 3549 946 3643 discophorus
975 3563 1025 3630 R.

271 3676 413 3756 Synops.
437 3700 469 3758 p.
496 3694 565 3758 150.
587 3702 621 3744 n.
645 3693 676 3756 4.
698 3681 851 3747 Mantiss
877 3708 913 3766 p.
936 3701 1020 3766 450.

332 3778 521 3855 Sperirnina
556 3781 789 3864 Coryphaenae
822 3789 1044 3874 Hippuridis
1078 3779 1163 3874 hep²ti

226 3875 436 3941 inhaerentia
452 3883 646 3948 Narratur
668 3885 801 3971 reperit.
