2408 4478
550 286 833 361 -224...

209 448 280 511 iere
300 453 433 527 partem
455 461 577 524 corpus
602 441 666 505 sibi
690 441 823 511 sumsit.
846 444 955 508 Color
978 444 1091 523 albus,
1112 468 1166 537 coc

209 547 302 633 poris
326 558 417 628 parte
439 544 736 626 longitudinaliter
758 545 1005 615 cinerascente.

299 652 348 711 Os
371 646 576 718 orbiculare3
600 651 727 729 capitis
748 668 835 728 apex
855 648 975 713 minus
1007 650 1119 717 tenuis
1137 675 1165 715 ac

210 747 473 832 Trichocephali
497 748 658 824 humani,
700 749 773 812 fere
794 749 1066 831 unguicularis.·
1089 757 1166 819 Reli·

210 875 316 936 quam
338 850 453 932 quoad
476 849 624 911 sormam
653 871 734 913 cum
759 850 820 912 illo
845 856 1085 933 conveniunt,
1126 880 1168 922 ex·

211 970 309 1037 cepto
334 948 448 1016 ¹tamen
468 954 611 1033 genitali
632 953 784 1026 masculo,
822 955 916 1034 quod
941 960 1051 1023 valde
1073 958 1166 1043 singu-

209 1059 282 1121 lare
311 1053 497 1116 dicendum
513 1066 589 1121 est.
632 1055 694 1114 Est
723 1052 851 1117 scilicet
878 1060 1084 1137 terminale;
1124 1084 1166 1127 vt·

211 1160 291 1243 gina
319 1176 403 1217 vero
427 1159 580 1237 primum
602 1153 784 1236 cylindrica
808 1168 842 1217 et
864 1161 1020 1238 aequalis
1042 1166 1166 1229 tandem

210 1266 248 1325 in
276 1273 409 1342 partem
438 1257 685 1339 palaefonnem
717 1276 878 1337 magnam
920 1276 955 1325 et
990 1280 1166 1331 truncatam

202 1350 408 1444 ampliatur,
453 1380 496 1419 ex
534 1380 600 1435 qua
643 1359 748 1439 stylus
786 1356 1013 1443 longissimns
1055 1390 1163 1433 curvus

210 1462 367 1545 emergite
429 1460 499 1522 Hic
536 1481 598 1541 per
627 1447 788 1542 ⁴vaginam
821 1463 1009 1541 decurrens
1035 1475 1162 1535 vasculo

211 1564 364 1650 corporis
387 1560 585 1626 seminisero
607 1561 764 1624 inseritur
787 1576 820 1626 et
840 1563 1001 1646 ejusdem
1025 1586 1080 1637 est
1098 1594 1163 1639 cras·

211 1667 313 1738 &ideis

326 1773 437 1836 Ovnla
478 1770 638 1847 utrinque
669 1768 800 1828 nodulo
836 1782 932 1834 aucta
962 1780 1163 1841 nonnisiin

211 1899 318 1946 crassa
338 1869 598 1951 Trichocephali
619 1884 711 1951 parte
735 1888 925 1936 occurrunt.
963 1880 1108 1945 Tractus
1123 1884 1163 1943 in.

209 1981 379 2048 cestinaiis
401 1978 441 2037 ab
463 1974 524 2035 ino
547 1971 690 2033 humani
713 1995 755 2037 eo
780 1971 935 2038 diversus
965 1995 1040 2058 est,
1085 1982 1163 2065 qnod

209 2083 318 2163 magis
341 2079 493 2156 undique
514 2073 710 2137 constrictus
744 2077 785 2138 sit
824 2091 859 2141 et
884 2078 959 2145 iere
988 2084 1162 2149 Hirudinis

209 2185 411 2266 intestinum
434 2178 565 2240 reserat.

319 2284 401 2344 Obs.
429 2298 456 2344 1.
501 2278 695 2360 specimina
727 2278 764 2341 in
797 2282 921 2346 Simiae
941 2289 1110 2374 Sphingis
1125 2296 1162 2355 in.

210 2382 340 2449 testinis
373 2398 513 2462 reperta,
557 2401 644 2460 quae
685 2381 886 2448 Bannsaans
926 2406 1051 2458 noster
1083 2395 1163 2459 misit

210 2511 230 2550 a
249 2485 334 2549 meis
356 2506 428 2546 non
452 2482 620 2556 differunt,
644 2482 704 2544 sed
723 2483 827 2547 Simia
850 2489 965 2554 ursina
988 2508 1027 2558 et
1044 2496 1164 2579 Sphinx

210 2590 358 2653 eandem
386 2585 489 2649 etiam
517 2588 671 2666 speciem,
705 2586 869 2670 effingere
901 2592 1083 2659 videntur.
1126 2598 1163 2659 In

207 2692 333 2756 Museo
355 2688 552 2752 Viennensi
579 2701 750 2769 praeterea
781 2692 956 2771 specimen
987 2712 1026 2761 et
1048 2718 1163 2763 mascu-

205 2796 284 2857 lum
305 2808 337 2855 et
358 2793 553 2854 femineum
574 2792 611 2853 in
634 2796 756 2856 Simiae
779 2794 887 2858 Patae
913 2813 947 2861 et
972 2798 1163 2865 femineum

207 2895 245 2959 in
268 2900 391 2960 Simiae
409 2894 560 2957 Sabaeae
581 2894 750 2958 intestinis
775 2899 890 2961 crassis
912 2904 1041 2979 oblata,
1085 2924 1163 2987 prot.

207 3019 264 3061 sus
295 2995 534 3060 convenientia
567 2996 650 3059 vidi.
710 2997 868 3066 Genitale
903 3007 1108 3071 masculum
1132 3008 1163 3067 in

206 3103 304 3162 nullo
328 3100 404 3160 satis
428 3103 610 3162 evolutum
633 3114 691 3162 est.
888 3164 895 3175 ,

313 3203 397 3266 obs.
421 3219 451 3265 2.
501 3204 572 3266 Cel.
601 3206 786 3267 ‘senen-„me
814 3206 944 3288 aliquot
975 3210 1076 3275 dedit
1101 3204 1162 3273 Tri·

207 3304 432 3386 chocephalos
462 3301 496 3362 in
530 3305 634 3366 Simia
657 3310 779 3390 Satyro
799 3307 942 3371 Octobri
976 3327 1073 3390 1791.
1095 3329 1162 3375 asc

101 3408 103 3413 ’
205 3426 374 3489 repertos,
409 3407 467 3467 sed
489 3407 596 3487 Satyri
618 3410 694 3469 loco
717 3426 804 3472 certe
824 3412 859 3474 S.
882 3413 1053 3492 Sylaanus
1074 3410 1161 3475 intel·

205 3511 364 3592 ligendus
389 3522 448 3570 est.
473 3509 514 3568 de
538 3509 632 3588 cujus
656 3508 808 3573 entozois
833 3513 894 3573 cel.
915 3513 970 3576 vir
992 3515 1032 3576 in
1055 3515 1161 3577 disset·

207 3614 331 3673 tatione
355 3630 415 3671 sua
447 3611 582 3692 egregia
608 3629 696 3690 1793.
731 3616 820 3677 edita
853 3612 1025 3695 loquitur3
1065 3608 1160 3681 simia

209 3712 343 3792 Satyrus
366 3734 544 3792 nunquam
565 3715 700 3794 Lipsiae
723 3716 805 3779 viva
823 3715 896 3778 visa
918 3731 979 3781 est.

316 3815 576 3897 Trichocephali
613 3816 663 3878 illi
691 3839 769 3878 eum
800 3821 1005 3900 palaeformi
1026 3828 1178 3907 congru-¹

208 3932 290 3994 unt;
330 3916 367 3979 in
390 3915 498 4001 ‚unico
527 3932 660 3985 tantum
688 3923 835 4005 genitae
861 3927 1062 3995 masculum
1080 3930 1159 3995 ben·
