2452 4478
382 236 666 335 &³572

45 427 103 472 rae
124 424 239 470 nonae
262 414 297 468 et
322 402 438 467 verbis
461 401 612 489 ,auctoris
640 401 725 466 fides
761 400 917 466 habenda
946 413 1008 484 est,

42 510 179 592 singula
202 505 427 588 subjiciuntur
448 506 581 570 bothria
605 507 762 590 oblonga,
784 528 905 587 parva3
924 527 1006 590 quo-

30 633 124 676 rum
146 610 261 691 itaque
285 608 461 690 utriusque
480 605 593 674 lateris
623 608 702 669 bina
735 608 863 683 forent;
899 611 1007 692 figura

49 715 180 777 decima
210 729 336 785 tamen,
371 725 469 791 caput
497 712 536 771 ab
564 708 671 794 antica
693 708 778 772 facie
801 707 1009 779 delineatum

49 817 181 895 sistens,
193 813 326 876 bothria
338 813 485 893 cujusvis
499 811 609 874 lateris
632 813 838 876 confluentia
860 815 1007 893 exhibet,

50 934 89 982 ut
112 919 226 980 biloba
247 918 360 978 forsan
385 915 463 980 sint.
515 914 644 997 Corpus
673 915 873 998 depressum
900 917 1010 982 amice

51 1023 96 1083 ad
118 1034 184 1083 tres
208 1016 312 1082 lineas
332 1019 449 1092 latum,
473 1031 655 1080 retrorsum
672 1032 893 1100 angustatum,
914 1021 1011 1102 apice

52 1121 186 1206 postico
214 1136 329 1193 acuto;
367 1121 564 1183 annulatum
603 1117 729 1180 dictum
758 1123 851 1197 (cum
876 1122 1012 1186 annulis

54 1228 131 1288 sive
154 1221 299 1287 articulis
314 1220 464 1309 Taeniue
481 1228 724 1301 comparatum)
746 1223 860 1285 forsan
883 1241 1012 1288 tantum

54 1346 222 1409 rugosum
244 1323 316 1397 iuit,
339 1322 439 1402 quale
462 1323 499 1381 in
517 1320 629 1400 specie
652 1322 747 1386 tertia
764 1323 918 1391 mihimet
939 1327 1012 1410 ipsa

55 1429 265 1510 quandoque
286 1426 402 1488 visum
423 1434 486 1498 est,
508 1434 547 1482 ut
567 1421 655 1497 hauc
666 1426 810 1508 figuram
827 1431 903 1492 satis
921 1435 1012 1496 bene

56 1518 228 1615 redderet,
716 1609 718 1613 Ι

168 1633 251 1696 vbs.
274 1628 500 1692 Proboscides
523 1647 659 1704 crassae,
681 1631 818 1708 breves,
842 1633 1015 1716 totiusque

59 1734 214 1816 corporis
253 1732 403 1807 habitus,
444 1751 513 1815 quo
542 1730 653 1792 minus
682 1737 829 1816 speciem
856 1737 943 1803 hanc
972 1738 1016 1800 ad

57 1836 339 1919 Bothriocephaii
359 1853 466 1918 genus
487 1832 639 1907 referam,
662 1847 785 1900 vetant.
830 1839 902 1907 Cel.
921 1842 1016 1908 Bosa

60 1941 317 2004 Temaculariae
342 1954 495 2027 genusve
517 1953 551 1996 se
580 1934 755 1998 conditum
782 1940 921 2018 oblitus,
954 1946 1018 2008 hac
1096 1926 1099 1931 Α

64 2040 180 2122 specie
208 2061 340 2102 novum
368 2035 522 2116 (nomine
550 2039 696 2102 maxime
722 2038 931 2128 incongruo)
959 2069 1017 2117 ex.

63 2144 226 2206 struxisse
244 2142 397 2207 videtur..

123 2321 181 2377 aa.
208 2300 509 2391 Tetrarhynchus
533 2298 789 2392 Pleurorrectis
815 2307 980 2381 maximi.

175 2447 449 2531 Tetrarhynchus
488 2444 658 2528 lingualis
727 2451 861 2515 Cuvrex
897 2458 1028 2541 Regno.

67 2550 223 2619 Animal.
267 2552 309 2613 T.
327 2550 395 2612 IV.
419 2571 453 2630 p·
477 2551 530 2624 46.
551 2550 635 2614 Tab.
656 2549 740 2615 XV.
764 2552 837 2635 Fig.
860 2557 891 2623 6,
916 2576 944 2640 7.

83 2658 93 2673 ’
179 2654 251 2717 Cel.
275 2651 328 2713 vir
350 2650 496 2732 speciem
517 2649 603 2712 hanc
629 2656 690 2713 sub
713 2652 826 2737 lingua
849 2660 1020 2726 Pleuram-

42 2762 138 2835 ,ctis
164 2759 302 2819 maximi
340 2769 373 2817 et
401 2751 627 2835 complurium
655 2754 797 2839 piscium
824 2758 1020 2841 frequenter

72 2879 267 2933 occurrere,
300 2877 369 2936 quo
399 2869 511 2919 tamen
543 2857 621 2918 loco
651 2856 723 2937 ipse
752 2860 848 2920 nullo
873 2865 908 2923 in
928 2867 1021 2948 pisce
1079 2932 1085 2943 ,

69 2959 368 3044 Tetrarhynchum
388 2959 514 3040 reperI,
541 2957 620 3021 licet
641 2957 740 3040 partis
762 2960 854 3054 illius
877 2984 1022 3032 examen

72 3084 252 3146 nunquam
275 3058 564 3143 praetermiserim.
608 3059 763 3144 Figurae,
791 3085 877 3145 quae
902 3072 1024 3137 vivum
1119 3080 1121 3087 '

73 3164 286 3230 delineatum
313 3165 429 3225 sistere
451 3160 621 3238 dicuntur,
647 3163 939 3247 Tetrarhynchum
966 3196 1025 3237 no-

72 3289 155 3334 vem
177 3266 282 3329 lineas
310 3264 467 3348 longum,
498 3263 606 3327 antice
638 3277 704 3326 tres
733 3265 841 3332 lineas
876 3290 910 3337 et
931 3277 1026 3356 quod

74 3370 221 3434 excurrit
241 3368 345 3429 latum
369 3366 546 3441 exhibent,
576 3386 718 3445 corpore
741 3370 884 3461 bothriis
903 3388 1026 3462 specta.

73 3471 115 3534 tis
138 3469 252 3544 brevi,
274 3469 398 3551 papilla
421 3467 550 3530 caudali
579 3465 710 3548 exigua.
752 3473 899 3537 Habitus
922 3479 1027 3544 omni·

73 3596 122 3637 no
147 3585 195 3635 est
217 3573 340 3652 speciei
362 3586 481 3645 sextae,
504 3568 587 3631 mihi
610 3588 743 3650 semper
764 3577 912 3658 pusillae
922 3581 1026 3661 visae,

74 3674 298 3760 proboscides
322 3675 422 3736 etiam
450 3675 573 3754 longae
594 3671 759 3756 sisuntur,
788 3699 874 3763 quae
897 3683 1029 3767 majori.

75 3783 139 3842 bus
160 3775 338 3839 breviores
361 3792 395 3840 et
417 3773 591 3839 crassiores
614 3789 703 3839 sunt.
746 3777 805 3844 An
827 3782 941 3871 itaque
964 3809 1030 3851 ma·

75 3880 222 3968 gnitudo
246 3891 350 3957 aucta,
371 3891 486 3942 utrum
511 3877 681 3961 naturalis,
701 3880 817 3966 figuris
838 3889 1013 3954 redditur?
