2408 4478
548 256 832 337 ...tm-

206 445 241 521 5.
291 427 534 505 Trichosoma
558 422 764 520 longicolle
789 429 838 498 R.

245 549 291 614 Τ
313 556 406 627 parte
428 536 577 620 capillari
598 559 742 620 corpore
763 531 925 620 longiori,
948 523 1054 613 cautla
1074 537 1166 606 femi·

290 670 355 712 nae
377 647 498 707 obtusa
521 637 737 730 emarginata.

246 758 382 821 Ent.1.
403 770 437 832 p.
454 756 507 821 84
528 745 609 820 n3.
631 724 832 806 Hamularia
852 729 1036 809 nodulosa.
1071 743 1164 810 Man·

288 857 358 920 tiss.
369 875 411 915 n.
435 863 466 927 5.
485 846 529 909 T.
551 830 749 925 longicolle.

216 963 339 1028 ·1-Iab.
364 955 401 1017 in
428 947 596 1012 intestinis
624 928 823 1030 'praesertim
852 947 967 1012 'crassis
999 951 1164 1015 Phasiane·

291 1061 383 1129 Galli
405 1070 438 1119 et
455 1042 610 1126 colchicig
629 1051 667 1110 in
685 1052 792 1115 coecis
814 1052 984 1117 Tetraonis
1005 1053 1162 1135 Urogdli,

288 1165 440 1230 Perdicis
461 1170 495 1219 et
521 1156 669 1220 Tetucis.

199 1278 237 1351 6.
289 1260 657 1346 TrichosomaPlica
680 1250 726 1333 R.

240 1391 286 1456 T.
307 1397 401 1470 parte
425 1376 575 1461 capillati
597 1395 739 1459 corpore
752 1377 898 1441 incurvo
912 1358 1073 1462 longiori,
1089 1399 1160 1442 cau-

285 1491 328 1551 da
348 1483 496 1549 feminae
517 1483 651 1546 obtusa·

241 1591 354 1656 Mant.
375 1607 411 1653 n.
434 1587 466 1651 6.
488 1585 532 1649 T.
552 1583 660 1666 Ptica.

203 1749 209 1759 ,
240 1696 335 1760 Hab.
359 1691 404 1752 In
432 1687 536 1752 Canis
564 1677 662 1768 Lupi
681 1669 796 1750 'vesica
828 1669 976 1748 urinaria
1002 1668 1158 1750 Berolini

282 1790 445 1860 Januario
468 1784 594 1872 reperi.

461 1962 656 2063 &pecias
700 1959 892 2046 dubini.

283 2092 414 2167 Omnes
436 2100 506 2162 fere
528 2094 661 2180 generis
681 2095 783 2178 hujus
804 2100 932 2179 species
954 2095 1073 2160 dubias
1096 2118 1155 2162 vo·

195 2222 271 2276 'care
289 2222 322 2271 et
337 2209 473 2267 intactas
490 2200 685 2281 relinquere
704 2202 900 2280 potuissem,
922 2221 1043 2263 verum
1063 2201 1154 2264 enim

195 2314 379 2378 discrimen
400 2301 622 2387 plurimarum
644 2321 707 2363 nos
723 2302 824 2386 fugit3
846 2325 1029 2385 paucarum
1041 2319 1155 2370 tamen

194 2408 398 2479 differentias
423 2404 594 2489 specificas
620 2404 768 2486 exempli
796 2407 934 2486 'quidem
961 2417 1076 2470 caussa
1098 2431 1155 2490 po·

194 2539 278 2583 nere
307 2510 450 2585 tentavi,
482 2531 502 2571 a
524 2507 774 2573 successoribus
798 2510 1043 2586 emendandas,
1080 2534 1153 2577 rem

192 2655 238 2670 -
258 2620 406 2682 maribus
428 2613 534 2678 rarius
558 2612 809 2676 occurrentibus
836 2646 878 2660 -
906 2635 978 2676 non
1001 2616 1088 2680 adeo
1111 2617 1153 2679 la·

193 2722 305 2788 silem.
369 2706 523 2800 Optimas
546 2727 704 2780 econtra
734 2715 937 2778 differentias
966 2718 1003 2779 in
1025 2741 1152 2802 genere

192 2820 457 2906 Trichocephali
484 2819 702 2901 insequente,
736 2818 831 2898 wjus
861 2818 1044 2885 individua
1068 2843 1151 2888 mas-

190 2931 269 2992 cula
289 2925 422 3010 cognita
443 2938 538 2999 sunt,
561 2920 731 2984 inveniei.

177 3118 182 3135 ,,
192 3070 229 3148 7.
280 3042 522 3124 Trichosoma
546 3033 837 3141 Vespertilionis.
866 3041 898 3143 ·1·

231 3159 325 3231 Has.
341 3164 378 3227 in
392 3161 558 3224 intestinis
575 3157 827 3242 Vespeicilionis'
837 3155 1044 3254 Lasiopteri,
1069 3164 1151 3243 Cae.

274 3271 359 3333 Ent.
383 3265 502 3331 Vienn.
523 3273 679 3343 mscptus.

191 3389 228 3463 8.
279 3377 522 3446 Trichosoma
548 3370 705 3442 Putorii.
744 3363 775 3467 ἦ·

229 3482 322 3554 Hab.
346 3487 383 3554 in
406 3487 570 3548 duodeno
593 3486 756 3551 Mustelae
776 3478 927 3565 Putorii.
962 3488 1041 3563 Cat.
1061 3493 1150 3565 Eut.

274 3592 392 3657 Vienn.
414 3602 532 3673 mscpt.

185 3718 222 3792 9.
273 3701 515 3771 Trichosoma
539 3686 718 3774 Erinace‘n
749 3694 782 3800 ⁴1·

226 3815 318 3878 Hab.
347 3814 383 3876 in
412 3812 578 3876 intestinis
608 3816 767 3882 tenuibus
795 3808 954 3884 Erinacoi
980 3823 1148 3907 europaei.

274 3915 353 3984 Cat.
377 3919 460 3988 Enc.
485 3919 603 3992 Vienn.
