2408 4478
577 255 859 339 *554-

349 415 426 481 obs.
450 429 481 477 2.
508 413 554 476 In
580 413 748 476 Scombris
775 415 915 479 bellem·
932 414 1025 479 hane
1056 415 1171 502 speeiem

238 515 473 599 longissimam
495 518 719 599 reperiendo,
748 516 897 597 primum
927 539 1063 580 novam
1091 521 1171 596 habui,

240 618 393 682 Rerolini
421 635 533 682 autem
564 641 639 681 cum
670 617 858 699 specimine
885 618 1045 684 Belones
1074 642 1171 705 conpa-

239 723 358 797 rando,
382 723 527 784 candem
545 740 620 784 esse
643 720 765 794 didiet;
788 721 991 802 quominus
1015 728 1170 787 autemdi-

240 824 336 886 bium
370 822 530 904 supersit,
567 823 793 905 speciminum
825 824 1025 887 italicorum
1061 826 1170 908 descrip

242 928 373 992 tionem
416 927 541 991 addidi.
605 925 917 1008 Echinorhynchua
958 930 1130 991 eubulattis
1149 948 1170 989 a.

241 1042 295 1107 48.
322 1041 454 1103 autem,
490 1030 530 1089 ab
564 1029 767 1089 Hermanno
798 1030 834 1089 in
863 1027 990 1111 Clupea
1022 1033 1120 1094 Alosa
1140 1050 1169 1093 te·

240 1144 353 1215 pertus
380 1129 498 1211 utique
520 1128 674 1194 diversus
696 1131 848 1208 videtur,
885 1127 914 1191 si
948 1133 1041 1198 bene
1062 1132 1168 1215 desttip

240 1245 377 1298 tuaest.

292 1469 354 1551 49.
379 1457 716 1551 Echinorhynchus
741 1461 952 1533 vasculosue
977 1466 1027 1537 R.
1053 1487 1091 1538 n.
1112 1488 1150 1561 tp
1182 1458 1185 1467 '

347 1637 496 1719 Neapoli
522 1637 627 1700 sunto
656 1642 765 1704 semel
792 1636 985 1702 solitarium
1012 1640 1054 1705 in
1076 1639 1168 1709 intest

243 1738 297 1803 nit
319 1743 421 1822 Spart'
455 1743 627 1819 (Brumae)
649 1745 750 1827 Rufi,
781 1744 831 1803 bis
860 1740 897 1802 in
921 1743 1084 1825 ejusde'tn
1101 1747 1170 1811 abdo

162 1839 165 1843 ’
241 1846 336 1907 mine
363 1841 476 1918 lulio,
513 1845 582 1904 duo
616 1845 742 1909 scilicet
775 1841 965 1927 specimina
993 1848 1104 1913 libera
1129 1847 1170 1933 pti

241 1967 353 2022 mum,
387 1945 468 2008 dein
501 1944 686 2009 solitarium
714 1951 943 2010 mensenterio
984 1951 1123 2013 affixum
1141 1968 1171 2013 tte

242 2047 327 2131 peri,
350 2047 450 2124 viva,
474 2048 624 2129 quinque
652 2050 695 2112 ad
717 2070 777 2113 sex
795 2047 903 2112 lineas
926 2053 1057 2134 longa,
1078 2040 1189 2127 teutria,¹

242 2165 374 2234 partem
401 2149 608 2214 anteriorem
631 2153 714 2228 alba,
738 2151 940 2233 ceteroquin
964 2157 1114 2233 rubella,
1131 2156 1173 2220 ele

242 2250 443 2336 gantissima.

350 2402 531 2467 Proboscis
552 2403 677 2479 ovalis,
698 2405 902 2467 uncinorum
928 2410 1130 2472 validorum
1145 2423 1174 2466 se·

245 2504 359 2568 riebus
382 2505 498 2566 decem
522 2521 659 2570 armata.
710 2505 837 2568 Collum
863 2507 960 2570 illius
984 2509 1175 2592 longitudine

162 2678 166 2683 ,
247 2605 422 2678 conicu1n3
445 2612 594 2688 corporis
614 2626 687 2687 pars
711 2611 817 2669 antica
839 2609 1000 2690 ejusdem
1023 2608 1176 2695 longitudi·

246 2708 300 2771 nis
323 2709 514 2785 subconica,
538 2708 662 2771 aculeis
682 2710 843 2772 brevibus
859 2713 969 2778 dense
990 2730 1128 2787 armatu
1145 2732 1177 2775 re

244 2811 379 2893 liquum
401 2829 521 2893 corpus
545 2811 778 2892 cylindricum‚
802 2817 956 2893 aequale,
982 2816 1083 2898 apice
1103 2811 1177 2899 posti

245 2934 285 2978 co
315 2917 483 2988 tenuiore,
520 2916 652 2975 obtuso.
701 2913 854 2976 Unicum
882 2915 1068 2997 specimen
1098 2918 1178 3001 (catu)

244 3017 372 3102 passim
392 3019 621 3080 constrictum.

353 3154 399 3215 Et
420 3155 546 3215 collum
568 3165 601 3213 et
623 3172 742 3234 corpus
763 3173 912 3216 vasorum
938 3158 1034 3219 cutis
1061 3170 1128 3222 rete
1146 3152 1178 3216 ol·

247 3258 361 3322 ferunt
379 3270 475 3318 antea
493 3255 528 3316 in
551 3252 844 3336 Echinorhynchis
867 3272 939 3317 non
966 3257 1104 3343 visum,
1127 3277 1179 3341 spe·

248 3362 413 3423 ctaculum
435 3356 718 3420 amoenissimum.
765 3358 856 3419 Vasa
877 3357 1011 3423 scilicet
1034 3362 1180 3424 suntlou

248 3460 444 3546 gitudinalia
472 3460 597 3530 tenuia,
624 3460 792 3538 aequalia,
820 3465 1022 3524 transversis
1050 3457 1180 3546 plurimi!

248 3560 480 3624 ramosissimis
502 3560 631 3640 ubique
646 3563 937 3644 anastomosantia,
952 3579 1135 3651 ‘totamque
1145 3581 1182 3628 ou·

249 3672 317 3727 teni
337 3665 568 3749 perreptantia.
857 3650 860 3655 ¹
