2408 4478
538 205 822 300 -ns-

212 376 414 471 prominens
436 372 597 439 tumidus.
627 371 684 435 Ab
707 372 835 435 eodem
851 364 995 433 canalis
1015 378 1171 433 retrorsus

213 482 354 546 ducitur.
405 480 513 543 ovata
535 479 575 539 ad
599 478 700 537 latera
724 492 909 555 congesta.
965 470 1073 553 Apex
1093 468 1168 551 posti·

218 603 278 648 cus
302 587 459 657 obtusus,
490 578 758 661 subpelluridus‚
796 578 893 637 ostio
922 572 1166 635 indistinctcir·

219 700 374 763 structus,
405 704 446 743 ex
468 702 535 762 quo
560 681 701 741 raudula
734 676 854 739 brevis
879 676 1061 759 oblonga,
1082 676 1165 755 plana,

218 788 253 851 in
283 788 438 867 vaginam
466 786 548 862 (ope
569 782 788 843 instrumenti
809 776 993 863 pressorii
1019 774 1167 853 visibilem)

220 886 393 952 retractilis
418 884 590 945 exseritur.

330 985 571 1069 Appendicem
592 984 697 1057 istam,
721 1004 823 1063 aquo
851 984 896 1045 cl.
918 980 984 1045 vir
999 1000 1119 1044 nomen
1132 996 1166 1061 pe

226 1087 290 1164 tiit,
313 1088 350 1149 in
375 1088 471 1148 nullo
494 1106 646 1148 meorum
671 1086 905 1167 speciminum
935 1084 1066 1157 video,
1086 1098 1166 1159 neque

222 1201 337 1254 tamen
359 1210 534 1271 negarem
577 1188 640 1247 alia
671 1202 783 1249 autern
812 1189 939 1269 specie
971 1187 1027 1266 (n.
1055 1182 1115 1261 did
1130 1180 1165 1243 dt

225 1293 310 1355 dum
333 1292 377 1354 ita
400 1292 585 1361 nominata,
607 1308 738 1351 nomen
760 1288 984 1350 mutandum
1008 1300 1086 1350 erat.

337 1394 416 1455 Obs.
440 1408 470 1469 3.
496 1392 589 1453 Num
612 1388 713 1453 etiam
735 1388 772 1450 in
788 1388 957 1477 colymbo
980 1395 1120 1455 cristato
1135 1404 1163 1447 ct

227 1490 352 1560 currit?
376 1494 476 1556 Conf.
497 1514 533 1556 n.
558 1504 631 1571 113.-

280 1636 337 1709 29.
365 1624 534 1689 Dismma
559 1618 832 1709 complanatum
861 1624 909 1689 R.
940 1643 984 1691 n.
1011 1642 1066 1713 sp.

337 1745 419 1811 Am.
444 1750 664 1820 Romarm,
688 1746 866 1808 Professor
882 1738 1165 1817 Berolinensicit

229 1848 358 1917 Ardeae
376 1852 518 1911 cinereae
531 1849 726 1931 oesophago
741 1846 856 1929 Aprili
870 1870 1002 1913 mense
1017 1847 1166 1929 specinirt

231 1966 378 2033 quatuor
411 1951 551 2032 reperit.
581 1966 731 2016 recenter
763 1970 903 2013 mecum
938 1946 1167 2013 communicata

338 2056 496 2117 Entozoa
518 2075 619 2115 unam
649 2075 726 2117 curn
756 2051 1095 2119 dimidia·ad.duas
1120 2064 1167 2109 cm

232 2153 373 2219 dimidia
393 2157 500 2219 lineas
523 2160 636 2238 longa,
656 2159 716 2219 vix
731 2154 914 2219 dimidiam
928 2155 1014 2235 lata,
1038 2155 1110 2215 alba
1118 2168 1168 2231 pm

234 2254 295 2319 ctis
319 2258 428 2337 nigris·
448 2258 552 2321 varia.

344 2361 474 2441 Corpus
499 2362 695 2441 oblongum,
717 2374 831 2431 tenue,
854 2372 1065 2422 antrorsum
1085 2370 1170 2437 parm

236 2472 454 2536 attenuatum,
479 2464 684 2544 marginibus
706 2460 971 2535 obtusiusculis‚
996 2459 1124 2541 postire
1141 2456 1170 2517 oi

238 2572 362 2623 tusum.
413 2564 523 2625 Porus
564 2567 695 2625 anticus
728 2561 917 2625 terminalis
961 2562 1007 2623 ad
1049 2560 1172 2623 interior

236 2662 416 2744 paululum
439 2685 596 2747 vergens,
621 2664 769 2746 margine
794 2665 950 2739 tumid0,
977 2678 1130 2744 apertura
1148 2678 1173 2719 cr·

237 2762 388 2837 hiemari,
412 2788 543 2847 magna.
589 2770 695 2829 Porus
718 2766 879 2827 verrtralis
901 2763 1027 2829 lineae
1059 2777 1174 2845 quarm

238 2881 367 2948 partem
395 2870 435 2927 ab
465 2871 525 2930 illo
554 2870 694 2943 distans,
717 2868 846 2948 major,
871 2866 1040 2949 margine
1070 2861 1176 2931 tumido.

239 2981 395 3048 apertura
417 2992 500 3031 mox
524 2970 731 3051 triangulari,
752 2990 837 3031 mox
864 2970 1039 3052 oblonga.
1088 2966 1178 3032 Orant

242 3072 403 3150 utrinque
428 3073 626 3143 decurrunt,
656 3088 735 3130 vase
757 3069 853 3130 fusco
877 3086 1110 3151 permeante,
1133 3078 1179 3131 ane

243 3167 378 3250 apicem
390 3172 537 3252 corporis
549 3172 715 3253 posticum
724 3176 880 3235 coe'unte.
892 3174 1041 3235 Cirrum
1053 3164 1181 3235 nonvid·

352 3271 435 3334 Obs.
475 3276 609 3354 Species
641 3272 748 3335 affinis
782 3286 852 3335 tam
886 3275 935 3335 D.
971 3274 1085 3337 hianti
1111 3294 1139 3335 n.
1161 3280 1182 3347 it

248 3394 351 3453 quam
374 3377 421 3437 D.
432 3375 687 3442 heterostomati
712 3397 746 3436 n.
764 3390 824 3452 50;
856 3377 898 3435 ab
925 3375 1001 3439 hoc
1024 3388 1183 3439 tauream·

249 3476 343 3555 poris
366 3478 473 3538 forma
494 3493 527 3541 et
554 3500 717 3559 porormn
739 3480 889 3554 ratione,
913 3479 962 3537 ab
989 3478 1055 3541 illo
1080 3486 1184 3557 corport

250 3575 359 3652 tenui,
380 3580 470 3653 albo,
488 3579 579 3660 poris
602 3580 698 3641 aliter
720 3577 923 3659 comparatis
947 3579 1096 3647 recedit.

301 3716 362 3788 51.
388 3705 556 3773 Distoma
584 3705 761 3774 albicolle
784 3708 828 3775 R.
851 3726 890 3772 n.
919 3728 982 3798 sp.

251 3820 255 3833 '
353 3826 437 3893 Am.
450 3830 612 3898 Burman
633 3834 817 3917 specimina
838 3808 938 3897 misit
958 3855 1024 3901 sex
1043 3837 1085 3897 in
1102 3830 1185 3911 hepate
