2452 4478
416 234 695 311 -599-

73 383 203 449 vidisse
219 383 280 463 (N.
297 383 405 448 Nord.
424 384 539 464 Beytr.
560 384 589 449 I·
607 399 635 448 1.
651 405 684 465 p.
707 385 775 461 94)
796 389 925 466 retulit,
945 383 1030 448 mihi

73 489 215 569 quidem
234 487 368 569 (Entoz.
397 486 428 547 Ι.
455 507 487 565 p.
509 485 600 564 340.)
627 485 722 547 dubii
753 485 827 561 visi,
865 508 940 549 cum
962 486 1028 567 aui·

70 587 211 653 malculi
233 585 459 669 vulgatissimi·
479 588 595 649 nullus
622 602 797 668 praeterea
818 589 910 651 illam
932 610 1027 653 mon·

71 690 274 754 strositatem
302 687 443 768 viderit,
469 707 582 769 neque
616 692 682 753 tale
700 704 887 753 monstrum
909 692 1024 771 biceps

73 792 154 866 dein
177 790 326 864 divisum
344 792 428 865 lore,
444 790 597 871 duosque
621 795 832 856 redditurum
855 811 930 855 esse
951 811 1024 870 vst-

43 901 161 969 'mes,
194 893 388 976 hypothesis
421 891 470 959 ill.
492 893 560 955 viri
586 895 756 959 arrideret.
799 891 1019 960 Venerabilis

72 1011 186 1067 tamen
207 982 324 1074 senex,
347 998 441 1078 cujus
460 995 542 1059 olim
563 994 787 1060 familiaritem
808 1018 867 1063 me
891 993 1020 1069 iniisse,

70 1097 281 1163 faustissimis
311 1098 516 1177 adnumero,
549 1098 671 1181 quibus
693 1103 791 1164 Deus
814 1099 922 1162 vitam
954 1116 1023 1158 me·

70 1222 129 1267 aru
147 1204 280 1280 beavit,
300 1200 343 1275 de
370 1198 637 1281 Triaenopboris
659 1216 792 1282 mecum
809 1204 959 1274 locutus,
981 1217 1019 1261 se

16 1308 21 1315 '
69 1295 221 1385 bicipites
244 1304 326 1369 tales
348 1301 531 1376 certissime
552 1302 677 1373 vidisse
697 1302 913 1369 asseveravit.

143 1390 146 1397 ⁵
180 1405 360 1492 Cytticerci
381 1404 537 1486 bicipites.
557 1405 680 1488 passim
702 1428 789 1471 anre
810 1406 847 1468 in
870 1401 1018 1468 sectione

58 1500 290 1601 ,praecedente
309 1508 516 1607 relati-sunt.
537 1508 660 1577 Simiae
672 1505 884 1593 Cysticarcu's,
901 1506 1017 1567 forsan

10 1674 12 1680 ,
65 1610 263 1684 conuicollis,
279 1610 488 1684 collectionis
508 1627 615 1684 meae,
637 1631 738 1691 quem
759 1613 845 1674 Tab.
855 1608 971 1688 3.Fig.
984 1617 1017 1678 8·

10 1744 13 1783 t
66 1713 277 1804 delineatum
296 1710 379 1775 dedi.
395 1725 429 1775 et
448 1728 479 1793 p.
492 1723 566 1794 545.
578 1708 745 1792 descripsi,
761 1712 873 1775 vesica
894 1711 1014 1771 latiore

10 1847 13 1883 ι
62 1830 203 1887 exortus
224 1814 353 1891 nullam
373 1811 602 1885 difficultatem
623 1813 741 1888 habet,
773 1815 834 1878 sed
855 1806 1014 1873 monstris
1106 1841 1115 1858 ι

10 1929 13 1955 ’
66 1916 261 2011 duplicibus
284 1912 476 1986 animalium
498 1917 765 1987 vertebratorurn
794 1937 829 1980 se
852 1910 1014 1994 adjungit.

57 2024 165 2089 Idem
189 2020 233 2080 de
258 2015 443 2100 Cyscicarco
472 2015 625 2079 Lemuris
650 2020 805 2102 Mongoz
833 2023 940 2099 crispo
964 2011 1014 2074 di·
1073 2051 1080 2061 -

58 2125 209 2192 cendum
232 2131 290 2190 est,
312 2117 406 2197 cujus
430 2117 498 2177 duo
522 2120 704 2207 specimina
724 2121 872 2204 bicipitia
891 2119 927 2180 in
938 2117 1013 2181 Mu·

56 2236 121 2290 seo
141 2225 303 2289 Caesareo
327 2214 517 2285 Viennensi
541 2219 625 2283 vidi.
670 2221 773 2308 Quod
805 2223 931 2285 ibidem
957 2239 1011 2281 au·

55 2338 130 2393 tem
153 2336 305 2390 servatur
329 2320 510 2402 Cysticerci
540 2318 577 2381 in
608 2320 708 2384 Simia
735 2326 860 2388 Sabaea
887 2321 1012 2403 reperti

52 2427 163 2491 valde
183 2423 380 2506 ambiguum
394 2421 540 2498 videtur,
560 2421 660 2489 nimis
675 2428 790 2489 saltem
806 2440 1011 2487 contractum
1075 2422 1078 2429 '

52 2542 123 2606 ess,
145 2528 227 2607 quin
242 2528 331 2598 bene
352 2523 526 2604 dijudicari
547 2529 664 2609 possit.

160 2617 416 2709 ¹Duplicitntom
438 2627 537 2699 aliam
552 2612 702 2709 'capitim
726 2626 887 2711 capitibus
912 2624 1008 2707 quasi

51 2729 193 2794 duobus
228 2725 357 2796 coalitis
387 2741 421 2795 et
454 2746 491 2793 se
526 2727 791 2813 penetrantibus,
820 2730 856 2791 in
888 2732 1009 2795 Taenia

49 2829 238 2893 crossicolli
256 2827 347 2895 Felis
375 2829 548 2901 domestici
571 2833 780 2895 observatam
800 2852 832 2912 p.
861 2844 1006 2909 524.-re

51 2930 136 3005 tuli,
176 2930 270 3024 cujus
300 2933 468 3013 specimen
498 2933 534 3002 in
561 2935 686 3007 Museo
719 2935 855 3003 laudato
885 2932 1007 3015 pariter

47 3043 219 3112 servatur,
243 3031 355 3127 capitis
379 3032 499 3101 osculis
530 3053 590 3106 sex
616 3035 833 3110 instructum,
863 3053 1006 3114 corpore

24 3136 259 3222 ‚prismaticm
301 3135 382 3201 Hoc
416 3135 473 3208 illa
506 3158 585 3204 curu
617 3137 864 3201 monstrositate
891 3148 1005 3199 tumen

47 3240 243 3305 necessario
266 3258 338 3304 non
362 3235 580 3320 conjunctum
601 3258 692 3315 esse,
720 3241 840 3302 Taenia
861 3236 1005 3301 collecti·

50 3342 132 3405 onis
154 3360 250 3426 meae
271 3342 475 3402 demonstrat
495 3347 709 3414 cocomarium
740 3361 839 3421 qnam
861 3339 898 3401 in
922 3359 1004 3403 cane
1039 3326 1041 3331 ¹

50 3459 218 3528 repertam
240 3444 432 3504 ceansnu
453 3463 589 3505 mecum
611 3440 887 3513 communicavit,
903 3460 1002 3520 quae·

51 3566 121 3628 qne
148 3566 293 3628 corpore
319 3548 536 3629 prismatr‘co,
572 3545 676 3638 capite
712 3559 824 3611 tamen
858 3539 1003 3626 simplici

48 3663 166 3713 untur.
527 3702 530 3707 .

155 3748 624 3832 Duplicitotemortiaulorum
647 3745 709 3811 sibi
732 3745 1005 3813 incumbentium

16 3840 20 3847 ¹
46 3855 223 3934 alteroque
254 3853 408 3935 margine
444 3849 697 3917 cohaerentium
725 3849 768 3922 in
801 3852 924 3921 Taenia
949 3853 1007 3917 So·
