2408 4478
399 256 772 340 -215-'

53 421 183 484 caudae
216 435 362 479 acumen
402 417 439 476 in
464 415 527 478 hac
556 415 771 481 observatum
792 411 926 482 nostrae
947 417 1025 484 no'n

54 522 270 591 conceditur3
294 519 447 580 Plicatae
468 532 582 582 autem
603 524 708 582 cauda
732 523 853 584 eadem
875 537 947 599 est,
991 536 1025 585 et

53 623 203 715 papillae
241 620 326 682 mihi
355 622 450 682 visae
478 623 622 686 Znnuno
643 625 757 687 forsan
781 623 891 705 plicae
915 613 1024 692 dictae

55 739 148 788 sunt.

113 852 170 922 ¹9·
196 836 222 901 F
226 831 328 901 ilario
355 832 545 932 globiceps
570 839 615 903 R.
640 859 676 902 n.
700 860 752 926 sp.

164 943 313 1025 Neapoli
328 943 433 1015 iunii
463 946 494 1004 d.
517 946 582 1008 IX.
610 943 647 1006 in
675 947 883 1026 Uranoscopi
909 948 1022 1013 scabri
1108 969 1110 973 ’

57 1047 186 1110 ovariis
209 1045 307 1124 (ovis
331 1045 510 1127 turgidis);
548 1045 632 1109 Julii
656 1049 686 1106 d.
705 1048 735 1106 V
739 1049 808 1110 111.
830 1048 867 1108 in
895 1051 1022 1119 Urano.

54 1151 152 1229 scopi
174 1147 333 1210 testiculis
356 1161 388 1210 et
409 1148 444 1208 in
468 1147 605 1210 alterius
619 1150 754 1224 ovariiS,
774 1152 883 1215 sedin
900 1146 1022 1216 utrius-

55 1274 125 1332 que
150 1250 250 1313 etiam
274 1249 427 1311 omniunt
452 1247 642 1311 abdominis
666 1251 1020 1333 partIumperitone03

53 1354 153 1418 Junii
175 1354 208 1416 d.
229 1353 310 1414 XV.
333 1356 368 1413 in
383 1353 518 1416 Biennii
536 1351 702 1433 Phycidis
725 1356 850 1418 ovariis
874 1357 1023 1436 (horum

54 1457 238 1518 maximam
260 1469 387 1538 partem
410 1473 598 1515 vacuorum
622 1453 754 1518 tunicae
775 1456 930 1523 internae
953 1461 1022 1521 affi-

55 1560 141 1638 xas)
162 1560 354 1638 complures
378 1553 668 1635 reperi-Filarias.

164 1663 320 1722 Entozoa
344 1658 455 1720 albida
477 1656 536 1719 vel
555 1656 657 1732 fusca,
681 1659 843 1746 pollicem
856 1664 898 1724 ad
913 1685 1022 1751 unum
1080 1701 1085 1707 ·

56 1786 135 1826 cum
159 1762 300 1824 dimidio
323 1763 486 1844 pollicem
509 1760 621 1842 longa,
645 1759 769 1829 tenuia.

165 1865 272 1951 Caput
294 1864 522 1929 rotundatum.
574 1862 622 1925 Os
644 1864 834 1933 orbiculare
863 1888 1021 1948 parvum,

56 1965 231 2029 interdum
255 1965 403 2030 valvulis
432 1960 528 2044 quasi
551 1960 770 2040 instructum,
816 1967 895 2030 alias
919 1973 1024 2050 papil-

56 2071 163 2136 larum
192 2072 320 2144 visum,
365 2082 422 2128 aut
450 2078 550 2151 caput
578 2067 866 2137 obtusocostatum
896 2072 1023 2134 exhibi-
1091 2090 1093 2095 ⁴

57 2187 139 2234 tum
194 2171 322 2254 Colpur
355 2171 507 2249 aequale.
555 2168 668 2239 Gauda
697 2168 855 2257 depressa
882 2177 1022 2279 obtusis·

57 2276 153 2349 sima,
173 2274 235 2335 vix
256 2271 364 2363 capite
385 2270 530 2340 tenuior,

10 2362 12 2367 ⁵
148 2377 245 2443 Cutis
266 2373 397 2454 tenera,
443 2394 510 2461 qua
541 2371 700 2443 facillime
731 2375 911 2457 disrupta
901 2391 1021 2450 mteraf

58 2501 123 2541 nea
144 2479 379 2561 prolabuntur.
422 2473 625 2538 IntestInum
650 2476 784 2540 fuscum
813 2497 874 2540 seu
896 2483 1021 2562 nigres-

58 2601 140 2644 cens
165 2580 254 2644 vasis
277 2577 389 2642 minus
412 2577 512 2645 fuscis
540 2575 785 2651 recticulatum3
833 2582 1022 2663 collapsum

58 2685 274 2766 granulatum
296 2679 441 2768 videtur.
510 2679 698 2740 Oviductur
734 2700 860 2744 vacuos
890 2698 1021 2744 tantum

57 2784 133 2847 vidi
158 2786 263 2846 albos.
293 2781 463 2847 Genitalia
483 2793 623 2843 externa
645 2778 682 2840 in
707 2799 926 2863 conspectum
947 2775 1020 2847 non

56 2900 241 2956 venerunt.
284 2881 343 2948 An
365 2882 433 2954 huc
454 2902 490 2952 n.
513 2877 589 2963 54?
715 2887 717 2894 '

329 3075 527 3163 Species
561 3069 753 3137 dubiae.

111 3267 173 3318 20.
199 3250 332 3321 Filaria
356 3248 532 3319 Hominis
558 3246 814 3339 bronchialis.'
843 3297 848 3314 .
942 3246 962 3268 ⁸
1025 3327 1027 3332 ¹

167 3366 363 3426 Hamularia
383 3365 593 3444 lymphatica
614 3363 827 3422 Tnnurcnno
854 3356 956 3438 dicta,
982 3356 1020 3421 in

54 3465 218 3529 Hominis
240 3465 421 3527 tuberculis
447 3484 508 3526 seu
530 3463 698 3548 glandulis
720 3461 950 3522 bronchorum
972 3479 1021 3522 re·
1066 3455 1069 3461 ’

53 3582 166 3649 perta,
188 3566 224 3626 in
247 3569 308 3632 cel.
331 3567 396 3629 viri
420 3568 638 3638 collectione,
662 3563 1018 3642 quamDresdae1817
1070 3590 1072 3595 ·

53 3669 182 3732 videre
204 3668 289 3730 mihi
312 3669 459 3749 contigit,
482 3690 553 3729 non
577 3666 722 3746 atriplius
748 3664 901 3726 occurrit.
917 3664 1021 3733 ¹Cum

54 3770 203 3849 reliquis
238 3787 350 3832 tamen
372 3770 505 3831 Filariis
547 3769 648 3830 nimis
671 3765 848 3841 convenit,
870 3784 1019 3847 praeser-

55 3872 122 3936 tim
146 3894 224 3934 cum
246 3886 282 3941 n.
305 3891 358 3954 25.
384 3872 567 3954 quominus
590 3870 732 3933 seorsim
756 3888 966 3944 enumerem,
988 3877 1022 3930 et

907 4067 915 4094 i
