2408 4478
383 282 436 313 -.-
482 260 561 367 us
609 277 667 299 ·-·

110 433 186 498 225.
208 413 293 480 Tab.
320 413 370 479 Vs
394 413 468 496 Fig.
500 413 546 491 1.)
570 409 776 494 descriptum
803 414 839 478 et
865 408 1013 480 delinee-

96 544 134 586 m.
179 518 325 602 Ganglio
350 520 502 597 obiongo
524 535 643 578 versus
669 536 707 577 os
731 520 792 578 sub
812 520 1013 601 oesophago

96 625 149 701 iri,
185 621 324 686 tenuius
347 621 409 681 sub
436 618 599 682 intestino
635 620 832 693 decurrere,
873 623 1014 702 gangliis

96 751 156 792 ‚am
178 721 352 808 plurimis,
377 743 419 784 ex
443 723 565 803 quibus
588 720 690 784 nervi
713 722 872 796 oriantur,
894 722 1017 803 instrui

106 830 208 893 simili
227 827 364 890 tandem
385 826 539 909 ganglio,
571 847 608 887 ac
638 814 700 886 ilio
725 823 841 905 capitis
862 828 898 885 in
920 826 1016 905 apice

96 935 180 996 udae
204 927 375 1006 terminari
396 928 512 1002 refert.
555 927 646 990 Mihi
662 927 825 990 Januario
853 941 931 1006 1317
949 944 1018 989 tan-

99 1057 134 1098 m
162 1033 321 1115 contigit,
357 1033 507 1096 eundem
541 1015 913 1112 Stron'g'ylum*e0dem
937 1035 1016 1092 loco
1080 1024 1082 1036 '

96 1138 218 1221 perire,
259 1150 292 1198 et
319 1148 467 1200 nervum
492 1134 576 1196 circa
599 1132 782 1214 oesophagi
808 1130 943 1192 initium
964 1156 1019 1194 an·

96 1242 183 1303 ilum
207 1233 442 1302 efform'antern
474 1222 743 1320 planiusculum‚
780 1249 927 1301 ceterum
963 1257 1019 1295 au-

96 1364 124 1404 n
144 1345 249 1402 modo
274 1367 292 1404 a
316 1347 380 1413 cel.
403 1345 480 1405 viro
506 1323 671 1419 descripto
697 1340 759 1398 sub
782 1341 942 1399 intestino
968 1340 1023 1400 de·

96 1465 193 1508 rrere
216 1445 298 1508 vidi.
343 1448 507 1509 Eundem
529 1423 678 1504 'nervuin
697 1442 815 1522 'postea
836 1438 871 1498 in
896 1441 1021 1500 Museo

96 1546 238 1612 cinensi
271 1570 291 1610 a
326 1549 390 1612 cel.
419 1550 628 1610 Sreocrrmu
655 1543 902 1624 in'Strongylo
931 1548 1023 1604 renis

96 1648 175 1733 nini
198 1653 342 1732 egregie¹
362 1664 596 1732 praeparatum
625 1640 711 1706 vidi.
754 1644 893 1706 Summa
922 1637 1046 1727 hujus*

96 1753 302 1834 ‚systematis
327 1753 452 1815 neruei
473 1751 731 1814 Annulatorum
766 1750 920 1832 analogia
956 1750 1027 1831 qui·
1071 1827 1075 1832 ι

96 1875 143 1917 ‚111
174 1868 239 1930 est,
273 1855 331 1917 sed
366 1854 496 1917 animal
527 1852 751 1932 majusculum
783 1873 802 1914 a
829 1853 1027 1931 Lumbrico‚

95 1940 239 2023 irudine
261 1956 403 2037 aliisque
424 1957 531 2018 multo
554 1954 755 2035 minoribus,
776 1969 810 2017 at
820 1957 926 2040 magis
940 1977 1028 2018 conr·
1079 2003 1086 2012 .

96 2057 193 2131 tsitis,
210 2078 289 2121 *non
312 2063 426 2122 solurm
449 2060 604 2120 funiculo
636 2077 769 2120 nerveo
792 2057 866 2140 ipso
889 2062 1026 2148 majore,

96 2163 124 2225 d
147 2162 248 2247 etiam
271 2161 416 2244 gangliis
437 2163 629 2241 horumque
651 2164 765 2223 nervis
788 2163 892 2247 magis
917 2164 1031 2226 distin-

96 2266 137 2347 is,
162 2277 349 2343 superatur,
376 2284 448 2343 qiuo¹
465 2263 608 2328 inferior
621 2264 775 2344 ejusdem
792 2265 829 2326 in
850 2281 1030 2348 systemate

96 2387 164 2433 uus
188 2365 291 2428 simul=
308 2363 490 2427 evincitur.

96 2520 100 2525 .
175 2470 232 2530 De
254 2465 356 2546 hujus
378 2465 494 2548 itaque
518 2468 656 2531 entozoi
677 2466 791 2529 nervis
817 2468 960 2532 dubium
978 2491 1032 2533 su·

96 2591 208 2640 tresse
230 2568 364 2648 nequit,
387 2571 520 2633 utinam
544 2573 588 2634 de
609 2569 677 2633 illis
697 2569 913 2651 reliquorum
940 2573 1034 2638 idem
1132 2627 1135 2630 ,

96 2695 184 2742 cere
207 2685 397 2755 possemus.
671 2754 676 2759 q
975 2669 978 2673 ’

119 2776 122 2780 ’
180 2769 207 2854 ᾧ
230 2791 260 2840 2·
304 2777 463 2839 Ascurida·
481 2777 693 2844 lumbricoidr'
725 2777 774 2843 cl..
804 2775 907 2840 Orro
938 2778 977 2856 (1.
1005 2797 1035 2845 c.

106 2911 110 2919 ·
137 2894 217 2958 227.
248 2879 335 2944 Tab.
357 2880 427 2943 VI.
461 2879 536 2964 Fig.
574 2882 625 2960 6.)
662 2901 808 2942 nervum
844 2872 1035 2961 duplicem,

96 2978 326 3052 ‚dominalem
365 2995 401 3046 et
428 2982 597 3046 dorsalem
632 2984 766 3058 tribuit,
814 3003 960 3064 quorum
993 2995 1037 3080 τῆ·

96 3110 156 3159 ,οτι
188 3086 275 3148 fines
306 3097 374 3147 tam
398 3084 585 3149 anteriores
612 3106 712 3167 quam
740 3089 943 3170 posteriores
964 3105 1040 3147 non

96 3188 284 3259 oservavit.
328 3185 419 3249 Mihi
454 3204 567 3250 autem
598 3189 756 3277 utrinque
791 3189 828 3252 in
863 3203 938 3251 cute
966 3188 1040 3269 ipsa

96 3311 301 3378 canescere,
331 3290 483 3369 ideoque
515 3313 577 3373 pro
600 3293 718 3357 nervis
740 3293 852 3355 minus
873 3294 964 3353 bene
986 3289 1042 3351 ha·
1089 3359 1098 3369 ⁸

96 3397 152 3466 eri
172 3394 344 3468 videntur,
370 3413 438 3472 quo
463 3393 612 3471 accedit,
642 3395 792 3478 singulos
822 3392 923 3458 nimis
951 3378 1042 3457 inter

96 3520 106 3568 t
133 3490 303 3570 remotos,
332 3515 447 3575 neque
474 3498 549 3558 ulla
576 3512 670 3579 parte
692 3502 833 3575 liberos,
855 3518 970 3578 neque
991 3496 1042 3559 in·

96 3622 144 3671 nr
179 3598 352 3681 Strongyli
378 3598 487 3664 'nervi
531 3623 549 3663 a
581 3615 659 3666 cute
691 3602 923 3667 removendos
956 3619 1042 3665 esse.

96 3713 190 3775 *nuta
213 3703 310 3766 etiam
333 3701 372 3764 in
393 3722 432 3765 re
454 3704 654 3788 gravissima
687 3704 858 3789 Strongyli
885 3704 919 3767 'et
940 3701 1043 3768 Asca·

96 3809 161 3877 dis
185 3805 377 3871 differentia
398 3803 459 3868 vix
490 3807 621 3872 admitti
641 3823 781 3891 potest‚·
795 3828 875 3870 cum
903 3794 1044 3887 reliquis

96 3908 215 4003 egenis
248 3906 435 3993 plurimum
474 3909 702 3986 convenitne
719 3956 722 3961 -
741 3900 898 3980 Orrosrs
930 3922 1044 3974 autem
