2408 4478
541 291 824 366 ..322-

209 464 350 529 corpore
375 438 597 506 crassiusculo
621 454 656 507 et
678 440 816 525 reliquis
836 439 998 527 priorum
1018 442 1106 510 notis
1125 450 1162 511 in·

183 542 324 632 signia.

321 650 396 711 Ova
423 669 441 708 a
463 647 575 710 forma
597 647 733 733 vulgari
754 644 956 730 deflectunt,
989 647 1092 713 solito
1110 649 1162 713 sci·

207 752 286 816 licet
308 765 340 814 et
368 750 486 812 latiora
524 763 557 812 et
589 746 761 827 breviora,
797 748 1161 831 ellipsim-lanceolata,

211 853 340 936 duplici
363 852 477 915 tunica
507 850 713 933 constantia,
749 873 894 934 quarum
930 853 1071 919 interna
1104 855 1162 919 sive

208 955 341 1021 amnios
363 954 534 1016 interdum
560 955 710 1035 collapsa
736 975 798 1036 pro
828 953 926 1019 foetu
950 956 1072 1021 haberi
1100 977 1160 1039 pos

205 1073 271 1132 set3
299 1058 359 1120 sed
380 1055 466 1116 intra
487 1055 575 1120 hanc
602 1053 784 1137 aliquoties
813 1055 948 1119 foetum
969 1079 1027 1122 me
1049 1059 1159 1123 vidisse

209 1159 297 1224 mihi
317 1158 413 1221 visus
440 1177 527 1224 sum·

322 1281 353 1324 e.
375 1259 399 1322 f.
422 1259 458 1319 in
482 1259 642 1340 Catalogo
676 1253 870 1322 Viennensi
904 1258 1001 1326 idem
1032 1261 1159 1326 Echino·

213 1362 386 1449 rhynchus
401 1361 519 1423 Turdis
532 1361 680 1424 Merulae
701 1375 734 1424 et
754 1364 899 1427 saxatili
910 1363 1042 1446 pariter
1063 1364 1159 1429 adscri-

213 1467 316 1533 bitur.

267 1640 329 1718 27.
351 1613 692 1713 Echinorhynolrus
710 1621 985 1695 micracanthus
1011 1629 1060 1699 R.
1078 1647 1159 1720 n-sp·

323 1753 532 1816 Motacillam
554 1753 723 1832 quandam
748 1753 938 1840 (Becofigae
962 1755 1100 1836 dictam,
1116 1752 1162 1819 sed

215 1855 357 1922 minime
380 1853 579 1915 Ficedulam
596 1853 762 1931 Linum,
784 1875 846 1938 pro
870 1877 937 1936 qua
962 1878 1090 1922 omnes
1109 1856 1163 1919 fere

216 1980 301 2025 aves
322 1957 471 2020 minores
492 1955 527 2016 in
550 1957 646 2018 Italia
662 1959 875 2035 venduntur)
890 1959 1094 2023 Florentiae
1108 1957 1164 2023 Au·

219 2076 317 2147 gusto
342 2056 570 2123 examinando
600 2054 636 2118 in
665 2058 820 2140 ejusdem
841 2059 1014 2124 intestinis
1036 2060 1166 2127 Echino·

219 2162 415 2247 rhynohum
436 2157 546 2240 reperi
567 2158 695 2222 flavum
717 2152 919 2245 proboscide
941 2156 1042 2245 alba,¹
1062 2180 1166 2229 mortu·

216 2288 289 2348 um,
307 2264 387 2328 licet
405 2283 469 2324 ave
491 2262 728 2326 recentissima.

330 2370 460 2446 Corpus
484 2364 600 2424 decem
624 2387 700 2426 eum
730 2365 865 2428 dimidia
894 2358 1008 2432 lineas
1031 2362 1167 2454 longum,

221 2473 304 2535 duas
335 2468 466 2550 quintas
500 2465 611 2528 lineae
638 2483 746 2548 partes
782 2487 944 2545 crassum,
980 2473 1168 2555 proboscide

223 2571 352 2639 tertiam
375 2572 484 2631 lineae
505 2584 634 2648 partem
655 2571 769 2651 longa.

330 2671 504 2738 Proboscir
525 2670 659 2753 exigua,
683 2673 778 2753 apice
797 2685 989 2754 angustata,
1013 2674 1090 2742 sive
1110 2681 1169 2744 sub

226 2775 352 2847 conica,
377 2770 510 2855 corpo'ri
535 2775 672 2856 oblique
694 2774 864 2855 imposita,
890 2775 1106 2843 uncinorum
1126 2780 1171 2845 mi·

225 2868 389 2943 nulorum
412 2878 562 2938 seriebus
584 2858 873 2958 multiquuarum
894 2896 1021 2944 omnes
1045 2903 1118 2946 non
1137 2881 1172 2947 vi.

228 2965 438 3056 di„armata.
487 2980 612 3041 Collum
637 2980 781 3039 nullum.
833 2977 963 3060 Qorpus
994 2986 1173 3051 :introrsum

227 3083 453 3154 incrassatum,
478 3081 557 3145 dein
579 3083 728 3161 aequale,
752 3077 845 3161 apice
868 3084 1009 3151 obtuso.

327 3187 526 3246 nummus
539 3181 708 3264 specimen
726 3183 815 3246 misit
826 3184 861 3245 in
874 3183 1044 3251 intestino
1061 3191 1176 3257 loxias

230 3286 488 3352 soccothraustis
511 3300 693 3369 repertum,
718 3300 848 3366 septem
878 3308 957 3351 cum
983 3289 1127 3357 dimidia
1148 3290 1177 3355 li·

229 3410 312 3453 neas
335 3387 488 3471 longum,
510 3388 582 3450 fere
606 3387 778 3450 dimidiam
795 3391 911 3471 latum,
932 3411 1018 3456 casu
1029 3408 1178 3461 transver·

232 3493 296 3553 sim
318 3512 488 3574 rugosum.

341 3609 518 3671 Proboscis
535 3605 659 3681 brevis,
683 3605 718 3668 in
742 3610 868 3692 majore
891 3615 1085 3694 specimine
1106 3611 1180 3682 conl·

236 3728 284 3782 ca,
308 3708 402 3791 apice
422 3724 601 3791 protracto,
626 3724 712 3772 recta
736 3717 865 3795 (neque
889 3719 1031 3800 corpori
1057 3722 1181 3802 oblique

235 3808 421 3891 imposita),
444 3811 576 3872 uncinis
601 3813 726 3897 exiguis
748 3816 927 3900 multiplici
950 3821 1040 3885 seric
1064 3814 1182 3907 disposi-

235 3909 297 3988 '1383
322 3912 360 3978 in
381 3909 515 3980 minore
535 3912 719 3999 specimine
746 3919 958 4004 proboscidis
982 3910 1108 4014 exigua
1124 3934 1182 4008 put
