2408 4478
559 220 856 317 *6342-

222 392 400 467 videnlur,
428 392 502 474 ipse
531 390 650 452 saltem
678 385 716 449 in
744 384 851 450 [ralia
886 408 1006 472 aeque
1027 390 1172 455 mulosni

222 496 337 576 plures
360 492 482 574 reperi,
515 488 809 566 Americanorum,
831 489 1022 555 Afrorum
1044 510 1100 555 erc
1113 494 1173 556 Tae

222 596 295 657 nias
317 594 469 677 aliosque
493 612 628 656 vermes
650 610 714 653 nos
739 590 899 655 omnino
921 592 1086 682 ignorare
1103 615 1173 676 aegre

222 698 306 769 fero,
333 698 392 760 sed
416 716 534 760 ornnes
556 694 681 756 amicos
704 692 763 773 qui
785 691 882 755 alios
907 694 1006 757 orbis
1028 709 1130 778 partes
1144 695 1173 755 vi.

221 802 373 871 sitarunt,
394 800 430 858 in
453 798 485 857 id
509 795 690 875 inquirant,
712 793 815 866 etiam
840 812 957 875 atque
982 800 1087 861 etiam
1105 818 1173 877 roga·

221 900 274 977 vi,
303 903 444 963 sienim
473 896 591 959 Russis
620 910 653 957 et
681 893 848 957 Helvetia
867 896 1173 982 Borhriocephalus

220 1022 336 1082 neque
357 1003 496 1071 Taenia,
519 996 658 1077 reliquis
673 996 872 1079 Europaeis
897 999 992 1063 haec
1013 1020 1125 1080 neque
1134 1000 1172 1059 ille

220 1103 395 1183 competit,
419 1117 532 1162 utrum
555 1099 677 1162 eadem
700 1118 743 1158 an
767 1098 832 1160 alia
860 1114 1024 1163 enrozoa
1049 1102 1172 1163 allisio

222 1204 323 1267 minis
346 1203 524 1287 speciebus
544 1198 765 1275 adscribenda
775 1199 859 1287 sint,
883 1200 981 1271 scitu
1005 1218 1060 1279 est
1078 1202 1171 1289 dignu

220 1327 357 1371 simum.

443 1557 968 1663 A.¹Nematoiclea,

225 1736 256 1791 ι.’
281 1717 414 1791 Filarie
438 1716 751 1790 obtuso-caudata
775 1720 820 1786 R.
844 1740 887 1785 n.
914 1685 977 1809 sp.¹
1005 1719 1105 1791 inter
1125 1720 1170 1807 Sy·

269 1862 373 1933 nops.
399 1838 537 1931 species
561 1862 597 1906 n.
624 1853 647 1925 5
670 1854 707 1909 et
732 1845 769 1925 4.
790 1834 1020 1917 inserendo.

140 1992 146 2009 ¹
216 2002 259 2071 F,
279 2000 422 2085 gracilis,
443 2012 625 2073 retrorsum
643 2019 760 2081 parurn
777 2010 969 2079 attenuata,
995 2001 1170 2085 capitecen-

229 2116 235 2123 '
261 2104 420 2177 riusculo,
443 2100 536 2184 apice
561 2100 691 2163 caudali
713 2100 811 2163 maris
835 2102 1085 2168 obtusissimo.

216 2207 305 2275 Hah.
327 2207 369 2267 In
394 2205 530 2275 thorace
552 2207 631 2267 Pici
651 2207 768 2269 liuenti
779 2202 1000 2279 ‚Nartem
1024 2208 1063 2271 in
1085 2203 1170 2271 an‘i

254 2309 299 2371 lia
322 2305 456 2388 reperit.

217 2411 396 2496 Specimen
408 2431 428 2469 a
440 2411 627 2471 Banusuno
649 2408 762 2490 accepi
776 2408 985 2490 quindecim
998 2413 1107 2474 lineas
1117 2412 1169 2473 lon·

259 2537 356 2597 gum,
395 2512 502 2583 dilute
527 2512 727 2575 luscesceus.
776 2513 895 2593 Caput
919 2514 1169 2582 acutiusculum,

260 2641 314 2683 ore
336 2611 517 2677 orbiculari
538 2614 643 2675 nudo.
688 2614 815 2696 Corpus
838 2629 968 2690 tenue,
1002 2634 1169 2682 retrorsum

256 2741 375 2803 parum
405 2728 629 2790 attenuatum,
669 2716 763 2798 apice
796 2718 936 2779 caudali
961 2721 1166 2785 obtusissimo

257 2818 478 2892 brevissime,
507 2832 582 2879 ante
606 2839 705 2899 quem
727 2820 855 2898 spicula
878 2820 952 2897 ¹duo
979 2821 1168 2907 inaequalia,

254 2929 348 3009 apice
372 2919 503 2985 caudali
525 2919 703 3000 aliquoties
725 2919 898 3002 longiora,

212 3102 247 3193 ρ.
274 3083 422 3155 Filaria'
438 3081 571 3171 cystica
595 3084 638 3151 R·
664 3104 698 3148 n.
732 3102 784 3191 spa
814 3080 921 3177 inter
957 3088 1120 3183 Synops.
1142 3107 1167 3153 n

261 3215 297 3287 8·
324 3218 363 3271 et
388 3218 425 3289 92

208 3333 248 3397 F.
271 3322 498 3401 crassiuscula,
520 3329 624 3409 fusca,
646 3327 807 3413 utrinque
825 3332 966 3410 obtusa,
992 3332 1168 3399 caudaele·

199 3442 202 3447 ’
250 3433 382 3493 mineae
405 3429 579 3501 crassioris,
595 3431 690 3512 apice
709 3433 810 3515 ‚brevi
835 3437 1086 3517 papilliforrni.

207 3537 296 3597 Ilnb.
328 3520 464 3597 Ori-*rus
489 3534 683 3617 Novembri
702 3557 828 3617 mense
857 3535 898 3598 in
927 3540 1083 3602 Brasilia
1102 3540 1167 3620 Syn-

250 3638 424 3697 branchum
446 3636 645 3715 loticaudem
664 3638 820 3713 secando,
844 3637 940 3702 iuter
965 3642 1076 3724 hujus
1096 3636 1166 3723 peri·

245 3753 388 3798 coneum
415 3751 448 3798 et
475 3741 647 3801 musculos
670 3740 863 3803 abdominis
900 3743 1069 3827 quinque
1095 3742 1164 3804 vesi·

244 3840 337 3921 cuias
360 3839 511 3927 offendit,
533 3842 691 3926 phaseoli
710 3863 830 3929 seneen
851 3846 1103 3930 magnitudine
1123 3862 1161 3905 22·
