2452 4478
351 267 401 287 -
452 243 524 324 431
578 264 631 286 ⁸-
734 279 737 283 -
810 285 820 301 t

116 398 263 484 Forma,
297 397 373 482 pori
406 399 522 475 antici,
560 396 709 482 poeticus
738 393 882 461 radiatus
910 413 968 462 aut

10 513 297 584 septemcostatus‚
313 518 426 573 exacte
436 501 558 584 speciei
571 500 702 583 prioris.
711 500 787 581 Ope
799 524 967 584 pororum

10 602 209 684 corporibus
232 604 398 667 adhaeret.
428 605 603 669 Proboscis
622 606 710 666 inter
731 623 832 683 poros
849 607 967 666 anteri-

10 724 99 778 ores,
117 714 308 768 antrors'um
318 708 481 770 aculeolis
497 706 664 788 (p‘oin'tes)
675 711 797 784 aspera,
812 724 897 784 quos
913 727 968 768 au·

10 823 84 870 ctor
106 821 157 869 tot
179 807 362 889 suspicitur
381 809 476 884 bstia,
499 811 623 890 'quibui
644 806 796 888 piscium,
820 826 967 886 quorum

10 930 137 992 corpus
159 918 262 989 tenet,
284 902 482 994 sauguinem
501 910 640 972 haurias
674 910 797 970 subtus
820 909 970 988 complu·

10 1033 66 1076 res
89 1012 330 1076 intestinorum
352 1012 425 1096 gyri
447 1014 670 1091 translucent,
703 1013 761 1091 qui
789 1024 894 1092 parvo
918 1030 969 1071 re·

10 1106 192 1199 cepta’culo
225 1115 296 1178 fere
328 1112 561 1198 ‘quadrangulo
594 1106 831 1176 immittuntur.
891 1113 969 1192 Ipse

10 1219 101 1281 baec
124 1214 218 1279 aliter
237 1204 446 1299 'explicarem
463 1229 496 1279 et
516 1216 674 1278 intestina
698 1205 895 1287 ovid'uctus,
920 1232 969 1275 re·-

12 1320 232 1402 ceptaculum
255 1334 369 1381 autem
387 1307 543 1381 orarium
571 1317 728 1380 dicerem.
779 1317 874 1376 N'um
895 1326 977 1395 pro·

10 1419 131 1486 boscis
153 1419 265 1502 potius
287 1420 390 1483 cirrus
413 1413 470 1498 sit,
498 1421 664 1483 incertum
689 1412 864 1500 relinquo,
888 1422 973 1477 dum·

12 1525 151 1588 nullius
178 1512 391 1584 Trem'a'todis
424 1521 549 1584 'cirrum
573 1527 731 1605 asperum
760 1524 816 1586 vel
844 1523 971 1582 aculea-

16 1642 97 1688 tum
120 1613 279 1700 viderim}
301 1613 512 1706 reliquorum
532 1631 645 1687 autem
667 1623 859 1689 animalium
882 1640 973 1704 pene

16 1750 125 1811 saepe
143 1725 265 1789 aculeis
286 1728 428 1801 munito,
452 1725 543 1790 idem
564 1728 664 1790 ‘etiam
685 1729 730 1792 de
753 1727 854 1809 hujus
873 1744 974 1810 gene·

18 1833 65 1896 ris
88 1831 205 1914 phallo
228 1831 342 1892 valere
364 1833 486 1911 posset.
555 1817 557 1820 Α

132 1932 218 1994 Mox
241 1927 477 2006 anterioribus,
510 1941 590 1995 'm'o'r'c
622 1925 811 2018 posteriore
842 1921 973 2007 ‘utendo

19 2034 117 2121 poris
140 2025 261 2096 animal
282 2033 511 2114 progreditur,
538 2056 575 2098 se
598 2052 709 2100 autem
731 2024 973 2096 convolver‘tdo

21 2159 133 2221 aquae
154 2137 302 2198 fundum
316 2140 421 2217 petit,
438 2137 492 2199 LA
512 2140 738 2201 Mnnmmrrin
759 2144 866 2211 teste,
881 2137 977 2218 quod

23 2238 165 2321 reliquis
183 2238 445 2300 Trem'a‘todibus
467 2243 647 2324 analogum
672 2254 734 2315 est,
754 2235 904 2320 ideo'que
922 2253 981 2302 auat

23 2359 95 2408 tem
118 2339 334 2404 substantiam
357 2341 619 2426 cartilaginem,
647 2346 750 2424 ‘quam
776 2343 829 2404 illi
851 2342 976 2418 tribuit,

23 2446 85 2509 vix
108 2443 309 2506 admiserim.

134 2545 217 2610 obs.
233 2561 260 2606 1.
282 2536 353 2611 cel.
375 2547 430 2611 vir
452 2542 661 2632 superiorem
682 2536 891 2631 proboscidis
908 2558 980 2626 par·

26 2666 97 2717 tem
132 2649 316 2719 aculeatam
344 2651 463 2730 refert,
496 2654 555 2714 sed
589 2653 689 2715 etiam
722 2662 823 2732 poros
853 2651 990 2725 anticos,

26 2753 105 2835 ipse
123 2752 314 2832 superiores
336 2766 445 2830 vocat,
469 2753 544 2815 licet
556 2748 736 2818 inferiores
760 2753 835 2829 sint,
851 2767 889 2814 ut
910 2771 981 2815 ver·

25 2875 113 2918 men
127 2867 286 2915 erectum
309 2867 397 2916 certe
420 2854 483 2916 sibi
504 2857 653 2932 finxerim
676 2852 910 2940 proboscidem
934 2853 981 2914 id·

28 2954 119 3018 circo
153 2967 343 3016 antrorsum
376 2957 560 3020 aculeatam
592 2962 693 3036 dixi,
711 2959 845 3040 qualem
877 2954 983 3018 etiam

26 3057 148 3121 icones
171 3058 333 3121 referunt.
582 3106 585 3117 .
859 3098 863 3105 -

143 3158 223 3221 Oba.
247 3177 276 3222 2.
301 3154 371 3224 cel.
395 3153 582 3225 Osterio.
604 3177 635 3246 p,
659 3172 733 3244 847·
751 3176 793 3228 *m
827 3170 896 3233 182.
919 3156 985 3221 ico·
1037 3142 1042 3147 ¹

31 3281 93 3326 nes
127 3263 165 3322 in
186 3255 307 3323 Diario
336 3263 475 3346 physico
504 3265 667 3330 exhibitas
700 3265 779 3352 illis⁸
798 3258 985 3341 Hodoepo·

30 3363 93 3427 rici
125 3361 326 3426 Perousiani
361 3366 594 3448 praeferendas
636 3364 710 3431 esse
743 3366 859 3439 relert‚
892 3359 987 3443 quod

30 3468 221 3529 memoriae
244 3468 338 3548 lapsu
363 3469 484 3531 factum
508 3471 751 3544 esse'videtur‚
775 3488 855 3528 nam
875 3460 986 3525 Diarii

32 3571 146 3632 tabula
168 3589 281 3648 neque
304 3572 513 3651 proboscidis
536 3572 704 3647 indolem,
734 3588 845 3649 neque
868 3565 989 3632 ovidu·

36 3685 107 3735 ctus
131 3672 305 3754 exprimit,
336 3694 403 3753 quo
418 3757 420 3762 .
435 3692 622 3742 commotus
649 3669 889 3754 Hodoeporici
908 3667 989 3750 figu-

34 3778 85 3838 r'as
106 3774 228 3842 recudi
250 3775 374 3842 curavi.
711 3797 714 3804 ·
859 3800 863 3807 ·
