2408 4478
498 258 681 338 -ιιι
744 280 808 303 -

155 412 313 492 refugere
333 426 528 489 possumus,
550 430 632 472 nam
653 410 822 497 Ligulae
845 436 924 481 non
943 418 1006 485 artie

158 514 218 575 sed
241 508 368 571 ovariis
389 509 618 591 multiplicatis
652 512 885 599 instructae,
919 522 1006 587 honr

159 636 226 694 que
248 612 462 695 singulorum
484 616 575 675 cirris
596 616 756 699 singulis
779 638 946 693 utuntur.
984 627 1006 689 E

159 732 230 777 tem
252 715 322 776 sino
348 717 543 778 ovariorum
563 716 814 786 foraminibus
849 740 889 791 et
908 728 1006 791 sinis.

160 817 260 879 simas
283 815 416 893 vivere,
435 817 524 879 nulli
549 817 776 901 ignoramus.
835 828 1006 915 Quemadu

159 940 243 980 vero
257 917 566 981 Nematoideorum
584 923 697 984 multa
721 946 825 1006 pene
839 930 966 1013 duplici
983 950 1006 995 ιιι

160 1022 206 1083 ita
226 1021 324 1082 etiam
347 1022 492 1083 Taenias
514 1024 705 1087 nonnullas
731 1029 967 1095 foraminibus
985 1048 1006 1097 et

161 1121 381 1185 articulorum
403 1122 566 1203 oppositis
575 1123 771 1195 instructae
796 1150 992 1207 occurrunu

160 1225 202 1286 lis
226 1238 337 1285 autem
360 1244 481 1287 revera
501 1224 612 1306 parvis
634 1227 788 1312 citoque
812 1235 970 1316 perituris
988 1237 1006 1296 d·

159 1330 230 1409 pita
250 1326 403 1403 concedi,
425 1326 496 1408 ipse
519 1326 579 1389 vix
594 1333 836 1403 concederes
878 1338 940 1401 Me
959 1352 1006 1400 aut

159 1428 306 1492 Taeniae
328 1448 472 1509 porosae
493 1431 538 1503 (ιι.
549 1432 617 1510 90.)
636 1435 798 1497 articulis
822 1438 1006 1521 utrinquep

160 1545 331 1610 hiantibus
362 1555 430 1597 ova
450 1534 561 1597 effusa
589 1531 735 1610 vidisse,
778 1555 888 1620 supra
915 1562 949 1624 p.
973 1560 1006 1622 53

159 1649 232 1713 tuli.

266 1749 517 1818 mutuantem,
548 1735 577 1799 si
604 1734 780 1803 foramina
809 1756 848 1807 et
873 1744 1006 1809 lemnisci

77 1896 80 1903 .
159 1848 385 1941 generationis
426 1860 550 1925 organa
588 1839 770 1920 pertinere
800 1844 920 1909 forsan
950 1852 1006 1912 evit

161 1954 421 2022 Cestoideorum
443 1944 595 2026 singulae
621 1958 733 2023 partes
767 1960 890 2011 utrum
909 1950 1006 2031 henan¹

161 2061 259 2133 ditae,
283 2077 324 2117 an
348 2051 555 2128 androgyne
576 2046 759 2110 vocandae
785 2046 867 2127 sint,
889 2069 954 2115 non
971 2053 1006 2117 do

160 2172 270 2222 strant.
299 2150 471 2216 Lemnisci
496 2162 605 2208 tamen
623 2160 658 2208 et
683 2149 818 2232 ovans,
839 2173 915 2215 non
931 2155 1006 2217 iisdu

159 2260 267 2324 ticulls
293 2276 425 2334 semper
445 2250 543 2313 simul
566 2249 726 2328 evoluta,
756 2252 878 2315 forsan
899 2254 998 2316 animal

158 2359 423 2440 mapltroditum,
457 2364 565 2434 partes
587 2364 700 2415 autem
722 2351 881 2437 singulas
902 2357 1006 2438 androffl

156 2465 346 2547 probarent.

267 2564 297 2640 ᾗ.
318 2576 352 2637 5.
400 2559 475 2622 Ova
497 2558 589 2637 quod
610 2555 728 2619 attinet
750 2558 1006 2635 Entozoorum‚s

157 2690 219 2754 per
239 2666 377 2727 illorum
398 2676 534 2723 naturae
563 2660 777 2742 indagandae
803 2685 939 2745 operam
961 2681 1006 2724 nan

156 2767 292 2851 nuperis
315 2780 427 2826 tamen
439 2764 654 2843 temporibus,
674 2782 838 2827 successu
854 2764 1006 2839 incitatus,l

157 2871 267 2934 studio
285 2866 388 2949 magis
412 2864 561 2927 incubui.

258 2971 383 3032 Omnia
405 2968 614 3048 reliquorum
626 2970 828 3033 animalium
840 2976 1006 3037 sennenn

154 3071 318 3135 Entozois
341 3092 479 3151 quoque
499 3071 648 3145 concedi,
676 3074 820 3135 Taertiae
835 3078 943 3139 saltem
959 3075 1006 3133 dots

154 3195 296 3256 quarum
319 3176 467 3255 singulae
502 3192 646 3233 ovorum
675 3170 816 3236 tunicae
846 3178 960 3258 saepius
973 3174 1006 3233 fu

153 3277 354 3356 discrepant,
391 3276 538 3355 ideoque
567 3271 696 3335 facilius
727 3279 791 3336 sub
828 3283 937 3341 oeulos
959 3273 1006 3337 ult

153 3380 304 3440 Tabulae
327 3376 438 3439 tertiae
468 3375 547 3438 huic
573 3378 661 3436 libro
690 3376 846 3456 adjectae
874 3384 1006 3464 figurat·

151 3484 266 3543 nullae
310 3479 514 3540 Taeniarum
551 3500 618 3539 ova
657 3477 817 3544 sistentes
852 3484 914 3545 hoc
941 3479 1006 3564 prol!

151 3583 234 3642 olim
274 3582 410 3663 quidem
460 3579 597 3642 nonnisi
631 3582 784 3647 Taenias
824 3588 1006 3658 viderantl

151 3700 229 3741 rum
263 3685 389 3759 tunica,
427 3684 539 3765 quoad
574 3685 719 3745 formam
751 3688 938 3754 Allantoidi
961 3672 1006 3747 siml

150 3781 274 3842 extima
295 3786 374 3858 fuit,
397 3788 455 3847 sed
477 3788 699 3868 postmodum
728 3790 839 3856 etiam
868 3786 1006 3857 Taenialu

148 3906 224 3966 seps
243 3885 402 3971 innotuit,
423 3891 459 3955 in
480 3887 648 3954 intestinis
659 3889 783 3965 Otioli
805 3897 925 3965 cristati
939 3876 1006 3959 Η
