2452 4478
37 241 54 269 ⁸
298 351 307 364 ,
397 288 448 318 *-
501 272 571 350 54¹
626 290 678 316 -
802 270 805 277 “
959 292 970 333 ι

53 425 318 519 Anthocephali
333 452 415 494 mox
438 429 663 507 describendi,
686 427 745 513 qui
768 443 881 500 lamen
902 430 1023 519 pressi.

54 558 128 601 one
151 539 310 613 adhibita,
333 558 405 598 non
430 555 473 599 ex
494 535 598 596 altero
623 534 735 616 apice,
759 539 819 602 sed
842 560 885 603 ex
906 541 1022 607 vesica

53 640 171 704 medio
193 657 291 723 rupta
312 640 454 703 emissus
478 651 538 701 est.
842 651 846 657 '

170 741 276 826 Caput
298 743 459 807 bialatum
483 742 628 824 bochriis
655 739 917 824 auricularihus,
944 725 1023 831 pro.

56 843 187 921 fundis,
201 849 362 925 utrinque
386 839 554 919 solitariis,
571 845 700 928 postice
716 848 926 927 distantibus,
950 875 1024 916 mu.

57 949 236 1023 tabilibus3
263 949 517 1031 proboscidibus
546 965 691 1030 quatuor
717 951 822 1015 dense
852 957 1024 1027 aculeatis,

57 1052 194 1116 collum
213 1066 299 1115 teres
323 1050 507 1132 posteriora
534 1072 652 1114 versus
676 1074 796 1135 parum
817 1053 1022 1138 increscens,
1121 1040 1123 1046 Ι

57 1158 151 1218 intus
175 1157 383 1236 receptacula
397 1156 637 1235 proboscidum
660 1161 851 1238 continens,
874 1182 1023 1240 quaere

18 1318 22 1325 ,
60 1272 184 1321 tractae
207 1278 268 1341 per
292 1258 417 1319 collum
442 1262 655 1322 translucent.
707 1259 837 1341 Corpus
854 1281 892 1322 co
896 1264 933 1324 lt
950 1268 1024 1329 lon

60 1359 228 1442 gitudine‚
252 1360 312 1423 sed
332 1359 479 1436 tenuius,
503 1377 652 1424 ceterum
676 1382 756 1423 cum
777 1355 900 1426 e'odem
920 1370 1025 1433 conti·

60 1483 172 1524 nuum
186 1483 299 1543 neque
314 1461 454 1525 articulo
473 1468 677 1546 separatum,
697 1466 788 1546 apice
802 1466 931 1544 postico
945 1490 1024 1534 cum

18 1613 22 1622 .
62 1562 178 1627 vesica
201 1567 333 1628 caudali
356 1552 523 1638 cohaeret,
547 1589 613 1647 qua
635 1581 746 1630 amota
771 1567 926 1631 distincte
948 1594 1024 1653 per.

61 1668 216 1730 foratum
233 1673 311 1744 est,
330 1667 481 1752 margine
509 1667 683 1730 foraminis
710 1669 925 1752 prominu10,
954 1697 1026 1739 mu·

61 1768 168 1834 rabili.
212 1774 216 1791 “

174 1874 307 1936 Versus
329 1874 434 1936 finem
454 1874 476 1936 J
479 1874 539 1937 ulu
552 1871 702 1956 Neapoli
716 1876 863 1938 eandem
883 1868 1026 1947 omnino

65 1978 217 2059 speciem
238 1974 276 2037 in
298 1978 504 2042 mesenterio
534 1980 676 2040 Brumae
704 1977 839 2061 (Spart)
867 1983 950 2069 Raji
980 1986 1028 2048 of·

63 2076 207 2146 feudi·
1039 2082 1042 2086 ¹

62 2280 70 2300 1
93 2266 97 2273 ·
119 2254 156 2328 3.
179 2216 481 2334 AnthocePhalus
509 2209 717 2310 'Grannluin
742 2240 786 2311 R.
798 2259 834 2315 n·
851 2265 906 2339 sp.

177 2387 330 2450 Carancis
351 2389 500 2449 trachali
521 2386 712 2448 ventriculo
736 2403 770 2451 et
784 2380 1028 2471 appendicibus

64 2490 228 2576 pyloricis
245 2492 444 2572 corpuscula
463 2487 610 2571 plurima
630 2488 861 2568 fuscescentia,
877 2480 1030 2559 lentifor·

59 2593 280 2671 mia,„lineae
305 2593 482 2654 dimidiam
511 2586 691 2656 tertiamve
713 2606 842 2672 partem
862 2594 1029 2689 diametro
1113 2678 1116 2684 4

65 2697 247 2777 aequantia
261 2694 442 2758 adhaerere
462 2692 559 2809 vidi,
573 2690 739 2772 Arimini,
763 2694 881 2778 Aprili
898 2719 1031 2768 mense.

34 2794 200 2864 'Ibidem
223 2795 402 2877 aliquoties
425 2795 559 2878 Majo'
550 2817 587 2857 rn
595 2788 793 2860 abdomine
815 2800 919 2879 Spuri
939 2797 1031 2864 Alce

68 2903 162 2978 dinis
185 2897 340 2980 copiose,
370 2911 404 2962 et
424 2896 555 2962 minori
579 2898 677 2979 copia
701 2898 850 2980 Neapoli
824 2896 1002 2965 lJulio
990 2925 1031 2969 m

67 3001 276 3070 mesenterio
302 3001 453 3064 Scombri
476 2992 586 3065 Colice
607 3000 744 3080 majoris
767 2992 907 3066 offendi.

175 3104 309 3167 Tunica
322 3117 461 3166 externa
475 3103 669 3166 luscescens
681 3091 781 3166 facile
802 3088 935 3182 secedit,
949 3119 1032 3172 tum·
1104 3163 1110 3179 ,
1142 3145 1148 3168 ι
1176 3083 1181 3106 ⁸

70 3230 140 3292 que
163 3225 277 3268 saccus
301 3207 397 3268 albus
421 3218 591 3288 comparet
607 3205 748 3281 firmior,
772 3195 943 3270 difficilius
957 3232 1033 3294 ape.
1108 3196 1110 3201 ’

68 3311 224 3390 tiendus,
246 3305 395 3392 granulis
418 3310 515 3395 quasi
537 3311 711 3399 repletusc
734 3307 814 3393 Quo
829 3316 1033 3408 apertover·

69 3417 134 3477 mis
158 3412 282 3474 sistitur
305 3410 523 3490 exilissimus,
546 3415 660 3486 albus,
682 3408 935 3496 viridissimas,
962 3437 1033 3501 gra.

68 3519 224 3580 nulosus.
869 3569 873 3574 .
1104 3572 1106 3574 ,

168 3619 288 3702 *Caput
311 3616 486 3682 cordatum
508 3620 570 3681 sub
597 3629 695 3680 motu
722 3609 865 3678 bothriis
888 3630 1035 3701 quatuor
1130 3700 1133 3705 ι

72 3725 275 3790 instructum
287 3720 457 3809 videtur,
493 3706 576 3786 dein
598 3736 711 3784 tamen
739 3739 858 3783 verme
880 3720 1036 3802 immoto,

72 3823 200 3888 horum
222 3836 354 3886 tantum
375 3845 450 3889 esse
472 3826 554 3908 duo,
568 3823 683 3889 didici.
726 3821 943 3887 Proboscr'des
962 3827 1036 3890 lon·

74 3947 137 4013 gae
159 3925 294 3990 uncinis
317 3931 429 3997 ternis
446 3917 681 4043 verticulum,
708 3945 792 3997 mox
818 3937 980 3994 nemetae
1001 3914 1038 3995 et
