2452 4478
390 268 673 354 *489⁸*

66 474 73 483 -
156 421 359 512 speciminis
385 423 527 490 minoris
556 437 673 509 caput,
699 422 773 488 fere
802 425 903 507 quale
924 423 1015 489 Bro-
1064 436 1066 447 ’

48 526 449 628 cmoTab.1,Fig·6.
477 527 618 605 sistitur,
651 527 712 593 sed
735 527 860 593 usculis
893 518 1014 593 an'teri·

50 635 185 700 oribus.
1039 631 1041 637 ’

59 842 61 846 Α
163 768 278 850 Caput
300 763 425 828 scilicet
448 764 565 842 ovale,
604 763 725 829 osculis
753 780 899 849 quatuor
927 765 1012 831 orbi·

53 867 233 933 cularibus‘
247 867 378 952 exiguis
402 865 517 927 amicis
531 864 739 929 instructum.
769 858 918 935 'Gallum
942 872 1013 934 bre.
1067 928 1071 937 ¹

54 971 237 1034 vissimum
269 986 303 1034 et
334 968 589 1046 tenuissimum,
623 971 793 1036 filiscrme.
852 975 1013 1054 Corporis

56 1092 132 1157 pars
158 1073 267 1135 antica
288 1085 438 1151 angusta,
462 1071 527 1135 cito
551 1073 732 1146 latescens,
764 1093 859 1157 parte
881 1078 1013 1158 reliqua

57 1176 264 1257 subaequali.
309 1175 446 1236 Praeter
473 1188 603 1254 partem
632 1174 835 1242 anteriorem
864 1179 1013 1256 (dimidi-

61 1296 129 1338 um
156 1277 318 1360 pollicem
354 1275 484 1339 circiter
517 1277 668 1356 longam)
696 1291 804 1340 totum
839 1281 1013 1364 reliquum

58 1399 181 1461 corpus
209 1378 421 1461 singulorum
450 1376 667 1439 articulorum
696 1379 880 1445 lemniscos
909 1387 1014 1449 utrin.

61 1499 129 1562 que
149 1480 273 1545 exserit
294 1481 544 1565 longiusculos,
567 1479 689 1560 passim
715 1495 844 1559 acutos,
868 1489 1013 1568 plerum.

60 1602 128 1664 que
151 1583 278 1665 apicem
302 1585 463 1657 dilatatos,
485 1602 602 1646 semen
618 1580 820 1658 emittentes,
842 1585 1014 1656 interdum

60 1703 102 1747 ex
123 1684 292 1748 foramine
314 1683 486 1767 marginali
502 1703 676 1764 emergere
691 1682 794 1764 visos,
811 1688 1015 1774 plerumque

61 1799 175 1850 autem
196 1787 354 1870 marginis
377 1785 482 1870 ipsius
503 1783 722 1868 propagines.

172 1920 290 2004 Capite
314 1934 347 1983 et
367 1918 537 1985 lemniscis
560 1940 633 1980 non
654 1917 738 1988 visis
760 1921 855 1992 facile
877 1920 941 2011 pro'
950 1932 1015 1994 Bo.

60 2023 294 2104 thriocephalo
317 2025 451 2085 nodoso
477 2019 633 2102 juniore,
662 2025 757 2106 cujus
785 2029 900 2110 oraria
929 2056 1015 2098 non·

62 2126 146 2187 dum
167 2125 306 2187 evoluta
326 2129 400 2198 sint,
422 2124 600 2206 imponere
627 2140 752 2207 posset.
794 2128 877 2198 Am.
902 2137 1016 2203 Baete·

60 2244 124 2289 tra
148 2226 343 2308 fragmenta,
356 2228 391 2288 in
410 2228 447 2289 G.
466 2227 666 2291 subcristoto
687 2242 829 2310 reperta,
843 2240 949 2318 capite
961 2242 1014 2305 de.

60 2328 191 2404 stituta,
205 2342 237 2391 at
255 2330 424 2393 lemniscis
453 2328 616 2409 oppositis
637 2330 782 2411 insignia
800 2337 905 2413 misit,
928 2362 1014 2422 quae

59 2431 248 2517 specimine
270 2432 437 2514 descripto
453 2452 528 2494 non
544 2431 620 2496 viso
635 2430 819 2498 certissime
837 2459 899 2521 pro
922 2465 1015 2510 nova
1188 2484 1191 2489 .

59 2536 175 2623 specie
196 2534 401 2599 habuissem.

173 2672 256 2734 obs.
287 2686 315 2735 1.
348 2670 400 2733 Cl.
428 2670 525 2732 Rosa
557 2668 710 2749 (Lettere
742 2673 878 2756 zoolog.
906 2685 948 2763 pf
968 2683 1032 2761 60)

61 2773 212 2840 Taenias
234 2773 270 2834 in
297 2785 389 2834 recto
411 2775 533 2835 Anatis
558 2770 740 2850 (cristatam
767 2781 880 2851 vocat)
906 2799 1015 2863 repet.

62 2893 114 2940 tas
141 2876 186 2938 ita
209 2876 376 2948 describit,
415 2887 452 2936 ut
474 2872 540 2934 huc
562 2871 646 2933 trahi
667 2874 805 2954 possint.
852 2878 1016 2946 Pollicem

64 2990 125 3044 aut
147 2976 422 3058 sesquipollicem
446 2977 580 3056 longas,
613 2971 742 3038 lineam
764 2976 936 3042 dimidiam
960 2983 1017 3046 cir-

64 3082 153 3147 citer
171 3084 268 3154 latas,
298 3080 389 3141 collo
416 3076 587 3155 tenuiore,
624 3080 731 3158 capite
751 3081 937 3162 majusculo
961 3087 1017 3148 ob·

63 3199 143 3250 tuso
168 3179 446 3264 quadriosculato‚
468 3179 569 3255 albas,
587 3180 770 3261 depressas,
792 3184 925 3247 annulis
945 3189 1016 3253 bre·

63 3285 217 3354 virtimis
239 3298 376 3348 serratas
401 3279 493 3349 dicit.
1088 3278 1091 3285 ’

181 3421 263 3487 obs,
286 3432 316 3483 α.
339 3417 411 3478 eet.
433 3416 593 3481 Scitam
614 3417 651 3480 in
669 3419 806 3483 Faunae
826 3416 953 3484 Boicae
973 3421 1017 3486 Τ.

65 3525 137 3612 [Π.
158 3524 201 3586 Ρ.
223 3523 273 3584 Π.
292 3541 325 3602 p.
347 3529 422 3596 238·
443 3541 478 3586 n.
499 3533 594 3600 3143.
613 3519 778 3582 Taeniam
794 3508 1018 3588 lanceolatzm

66 3626 225 3692 Grillinoe
245 3637 277 3685 et
299 3643 333 3703 p.
341 3636 414 3702 239.
427 3641 462 3686 n.
484 3632 578 3699 3144.
591 3622 635 3685 Τ.
648 3623 869 3685 lanceolatam
886 3626 1021 3690 Anseris

64 3730 178 3803 habet,
192 3727 235 3788 de
248 3708 429 3786 illa'autem
441 3722 593 3786 dubitare
606 3722 693 3784 licet.
715 3722 831 3807 Hujus
844 3745 927 3788 vero
940 3728 1020 3792 lem·

64 3827 151 3895 nisci
172 3845 388 3910 nequaquam
408 3823 505 3911 nigri,
528 3825 589 3890 sed
611 3845 718 3909 aeque
731 3825 797 3892 albi
812 3840 893 3892 sunt
911 3846 949 3892 ac
970 3848 1020 3894 re·
