2452 4478
406 217 686 323 ..465ss

58 416 131 481 que
151 395 255 480 hujus
284 391 390 460 sollus
417 396 515 482 piscis
543 397 699 480 Ligulas,
726 402 1024 489 easque'exiguas

21 541 26 552 ·
56 501 173 578 dictas,
197 514 342 581 quatuor
364 500 614 565 nimirumcum
629 501 771 573 dimidio
790 507 933 584 pollices
946 511 1022 575 lou.

54 623 130 686 gas,
162 601 289 666 lineam
311 600 484 664 dimidiam
506 603 603 680 latas,
637 619 835 687 tantoperee
876 608 1017 692 reliquis

54 703 195 786 piscinis
217 704 380 768 recedere
400 703 620 771 crediderim.
754 740 758 749 =
832 718 834 725 '

114 860 150 934 6.
174 861 309 959 Ligula
334 850 610 956 simplicissima
633 858 679 936 R,
739 888 744 897 ·
776 954 779 963 Ι
812 956 815 963 Ι

167 1009 385 1093 Singulorum
420 1007 492 1093 fere
520 1008 662 1091 piscium
683 1000 819 1101 Ligulas
842 1008 884 1079 ab
908 1029 1019 1082 aucto

57 1104 155 1176 ribus¹
178 1107 294 1174 relatas
310 1101 454 1184 Zancar,
479 1104 539 1171 obs
526 1113 704 1177 servatoris
726 1108 805 1180 alias
827 1108 952 1211 egregii
963 1141 1021 1221 ve

62 1206 160 1296 stigia
186 1201 441 1331 premendo,
431 1233 468 1272 1n
490 1200 770 1298 Entozoologia
770 1212 913 1281 seorsim
940 1212 1021 1283 enti·

63 1309 214 1388 meravi,
237 1312 380 1395 plurima
402 1325 513 1381 autem
529 1312 684 1398 deinceps
707 1338 901 1417 comparere
924 1316 1020 1386 licuit

65 1414 269 1502 specimina,
289 1435 404 1495 neque
438 1431 532 1476 notas
563 1408 659 1493 ullas,
688 1406 810 1503 quilius
835 1412 1018 1507 distingue·

65 1541 151 1594 rem,
171 1527 359 1580 constantes
379 1509 506 1601 reperi,
529 1533 630 1598 quare
656 1517 693 1581 in
704 1518 858 1607 Synopsi
886 1547 921 1609 p.
945 1537 1019 1605 134,

64 1635 103 1686 u
126 1622 157 1687 6.
181 1623 297 1683 eadem
320 1608 429 1701 specie
453 1616 706 1734 comprehendi

160 1724 233 1787 Cel.
257 1717 472 1797 Moarcunn,
495 1721 588 1802 cujus
610 1721 774 1788 memoria
797 1722 947 1808 Physicis
969 1741 1021 1794 ae-

66 1846 139 1912 que
161 1838 251 1910 grata
274 1838 324 1886 est
353 1843 389 1884 ac
418 1822 579 1903 Medicis,
610 1825 691 1886 dum
707 1828 866 1891 ‘eundem
888 1831 1020 1895 Rornae

66 1928 223 2004 visitavi,
245 1925 389 2008 piscium
416 1927 624 2017 mentionem
657 1926 775 2007 injecit
795 1927 831 1990 in
860 1930 934 1992 lacu
954 1932 1021 1997 Ne-

66 2033 241 2116 apolitano
264 2029 370 2106 (Lago
401 2025 530 2088 Fucino
561 2028 666 2102 dicto)
694 2032 930 2112 habitantium,
959 2031 1021 2114 qui

66 2152 204 2200 vermes
226 2128 447 2203 continerent,
471 2127 590 2190 incolis
613 2131 737 2195 edules.
781 2135 941 2198 Novitate
964 2134 1019 2197 ad·

68 2237 190 2300 ductus
219 2233 311 2296 viros
341 2234 486 2313 optimos
508 2231 609 2293 Boea
638 2247 671 2295 et
700 2236 836 2314 Konna,
866 2227 1020 2300 Medicus

65 2336 230 2423 practicos
252 2334 511 2410 Berolinenses,
538 2347 620 2395 tunc
647 2334 711 2397 iter
737 2358 799 2419 per
819 2341 953 2402 Italiam
976 2339 1020 2402 fa.

68 2439 209 2513 cientes,
230 2437 423 2499 adhortatus
446 2456 539 2513 sum,
562 2434 622 2515 qui
655 2434 737 2498 mihi
760 2439 868 2520 pisces
891 2457 925 2506 et
947 2462 1019 2506 ver·

67 2560 142 2605 mes
176 2552 417 2620 compararent.
481 2537 630 2619 Aliquot
665 2539 861 2619 septimanis
896 2543 1018 2626 elapsis

68 2656 139 2709 tam
158 2644 267 2724 pisces
291 2661 391 2721 quam
421 2642 502 2702 duas
528 2640 655 2703 horum
683 2639 820 2722 Ligulas
841 2645 1017 2725 Neapolita

67 2745 262 2811 attulerunt.
305 2742 418 2804 Pisces
441 2762 484 2805 ex
506 2742 1019 2826 cl.M01}10111uIetnmic,0rum

65 2850 234 2913 relatione
255 2847 363 2908 Lusca
387 2857 420 2906 et
444 2846 625 2924 Lascogne,
648 2862 785 2909 vermes
808 2859 922 2910 autem
944 2851 1019 2912 Ma-
1100 2849 1103 2855 ’

62 2953 178 3014 catoni
184 2950 294 3029 piasti
305 2960 479 3020 vocantur,
495 2960 531 3006 ut
545 2947 653 3026 pisces
668 2947 719 3007 his
728 2948 1013 3014 commendabiles

60 3055 171 3117 Luca
181 3071 241 3111 cen
253 3051 420 3110 macaroni
436 3048 621 3109 emtoribus
629 3047 818 3110 laudentur.
830 3047 1017 3113 Pisciculus
1049 3108 1052 3126 ,

58 3143 203 3238 Cyprini
218 3138 352 3232 species
376 3162 435 3225 est,
456 3140 568 3209 Barbo
581 3133 728 3225 affinius
741 3136 912 3214 cumino
928 3152 1019 3232 (Ich-

58 3246 239 3339 'thyologie
261 3252 304 3314 de
327 3250 413 3314 Nice
440 3267 474 3333 p.
498 3238 569 3329 361·
589 3246 627 3327 η’,
643 3248 689 3330 2.)
712 3242 877 3316 immerito
898 3275 961 3336 pro
976 3248 1017 3323 (i,

62 3354 232 3421 Bulatmai
252 3345 397 3433 habitus,
411 3344 494 3414 mihi
510 3351 623 3433 potius
645 3372 737 3415 nova
758 3354 887 3435 species
910 3342 1019 3435 visui,

58 3475 163 3543 quam
191 3455 255 3519 allo
285 3458 361 3518 loco
400 3452 607 3518 describauu-
640 3453 842 3537 Ligularum‘
864 3450 1016 3521 ceterum

60 3565 164 3626 altere
186 3559 272 3620 duos
283 3559 423 3642 pollices
448 3570 481 3621 et
501 3554 628 3634 decem,
640 3556 742 3618 altera
764 3559 850 3620 duos
874 3544 1016 3642 pollicet

64 3679 102 3730 et
122 3661 285 3724 undecim
313 3661 416 3722 lineas
445 3662 562 3742 longa,
591 3668 732 3738 utraque
760 3661 843 3722 duas
872 3668 948 3723 cum
972 3658 1020 3726 di·

61 3764 183 3832 midia·
206 3765 310 3826 lineas
353 3765 431 3841 lati,
458 3763 719 3843 nulla‘prorsus
734 3756 819 3824 nou
844 3782 862 3823 a
885 3761 1018 3828 minoti-

61 3872 129 3935 bus
151 3864 467 3951 Ligulae'plscinae
489 3863 950 4030 specimintbrgjessectens.·
987 3866 1011 3899 ··³

735 3984 757 4049 Β
