2408 4478
479 264 770 340 ..500-

110 380 119 403 r

46 406 49 411 Ι
150 434 200 491 tes
227 414 421 487 incredibili
449 418 546 501 copia
575 438 730 482 ovorum
760 417 1007 506 singularium
1030 442 1103 491 scete

149 533 241 592 bant.
286 525 360 589 Illis
383 523 505 604 apertis
528 520 676 603 primum
701 523 833 585 omnia
866 530 962 592 vasis
981 531 1103 594 tenuissi-

151 633 215 694 mis
234 629 353 690 referta
377 624 593 697 videbantur,
607 644 644 685 re
657 638 773 687 autem
792 632 970 692 attentius
991 648 1102 714 spectata

153 734 252 798 ovuln
279 727 399 808 exigua
424 726 620 787 velamento
649 724 829 789 latissimo
864 746 904 794 et
933 736 1100 798 brevissimo

152 834 311 912 utrinque
332 833 368 889 in
390 826 518 908 apicem
548 826 745 907 capillarem
776 833 955 911 abeunte,
982 839 1101 899 allaturi

155 939 227 1001 dem
256 947 289 993 et
315 933 448 992 amiciori
468 926 583 991 ovalia
612 929 730 991 media
755 948 867 1015 parte
891 936 1100 1013 circumdante,

155 1032 325 1102 dlorrnari
348 1028 433 1095 vidi.

261 1144 530 1231 Comparationis
551 1147 653 1230 gratia
675 1152 925 1234 speciminum
954 1162 991 1223 in
1015 1164 1099 1239 Triaga

159 1255 295 1325 Venello
318 1273 337 1312 a
359 1272 413 1314 me
432 1265 646 1333 repertorum
671 1255 845 1320 articulos
877 1277 1031 1325 maturos
1053 1281 1098 1324 era·

156 1355 286 1422 minavi
307 1368 340 1417 et
362 1353 483 1417 eadem
505 1354 646 1417 omnino
669 1359 780 1420 ovuln
804 1361 948 1442 reperi.

268 1470 472 1553 Comparari
494 1491 632 1554 quoque
653 1494 719 1537 ova
748 1476 911 1541 Taeniae
937 1504 1065 1565 perosae
1078 1501 1095 1541 r.

157 1598 210 1660 90.
238 1575 357 1649 affinis,
389 1575 450 1637 sed
484 1588 642 1650 armatae,
672 1575 911 1660 formamque
940 1587 1095 1666 analogio,

158 1681 219 1746 sed
252 1675 520 1759 magnitudinem
551 1677 689 1737 illorum
730 1680 925 1744 multoties
962 1685 1094 1766 majorem.

157 1790 341 1847 ‘numerum
360 1790 473 1839 autem
495 1779 604 1839 multo
632 1780 804 1843 minorem
826 1803 945 1863 quam
972 1787 1008 1849 in
1025 1789 1095 1848 Tre

158 1880 267 1948 tiabili
306 1877 506 1959 observavi,
538 1881 628 1945 conf.
657 1885 744 1950 Tab.
774 1885 853 1951 111.
893 1886 977 1972 Fig,
995 1898 1095 1971 me

159 1984 306 2070 speciem
327 1981 575 2061 insequentem.

213 2160 271 2232 29.
295 2139 430 2211 Taenia
454 2139 632 2237 laevigata
656 2136 704 2212 R.
735 2163 776 2215 n.
811 2169 873 2240 sp.

196 2279 201 2289 ’
263 2284 348 2349 Am.
372 2285 534 2348 Brnmsnn
561 2284 745 2367 specimina
786 2287 856 2352 tria
889 2294 931 2356 in
965 2292 1103 2359 intestini

160 2390 341 2462 charadrii
361 2388 556 2449 Hiericulne
573 2401 706 2470 reperta
725 2387 841 2454 misit·

267 2506 377 2586 Caprae
394 2507 647 2587 subglobosum‚
670 2507 796 2570 osculis
821 2515 976 2596 magnis,
998 2514 1090 2581 reseda

160 2610 342 2695 cylindrico
368 2609 500 2672 obtuso.
535 2606 654 2670 Collum
676 2610 899 2691 elongatum,
926 2615 1090 2700 capitem}

158 2715 256 2776 toties
278 2707 424 2790 longius,
444 2706 669 2783 latiusculum
690 2710 860 2790 planum,
885 2721 1006 2781 abiens
1025 2720 1053 2781 jn
1067 2737 1088 2778 a·

158 2816 278 2877 ticulos
300 2810 438 2872 latiores
469 2830 570 2888 quam
600 2812 740 2891 longos,
771 2816 914 2880 sensim
945 2822 1086 2904 longiore

159 2919 282 3000 passim
304 2910 425 2973 ordine
447 2925 562 2972 tamen
588 2910 716 2972 incerto
741 2920 1011 2996 angustioribus
1029 2922 1087 2982 inm

159 3032 282 3098 copton
304 3032 387 3093 <pros
409 3011 601 3091 longissimi
628 3012 764 3076 tandem
788 3035 995 3100 sequuntur
1013 3019 1086 3101 (dupl

157 3120 331 3198 longiores
349 3134 449 3194 quam
470 3114 555 3194 lati);
577 3113 709 3197 angulis
723 3119 899 3188 omniurn
912 3126 1085 3191 aniculorun

156 3216 355 3285 rotundatis.

263 3334 387 3398 Altero
409 3333 447 3396 in
470 3333 654 3415 specimine
675 3333 713 3398 hi
735 3340 905 3419 quidem,
928 3348 988 3409 sed
1008 3334 1085 3410 obtusi

159 3448 299 3504 exstant.
350 3437 479 3500 Omnes
512 3453 661 3499 ceterum
690 3438 832 3504 articuli
873 3449 1020 3530 majores
1047 3443 1086 3510 orit

154 3539 310 3602 rotundis
333 3538 485 3617 dispersis
508 3543 626 3620 plena,
649 3541 781 3620 absque
806 3546 1085 3630 appendicibuslr

156 3641 332 3713 teralibus,
357 3660 442 3718 quae
463 3641 695 3721 praecedentis
717 3645 861 3727 speciei
878 3652 996 3720 ovulis
1009 3664 1084 3715 conct-

156 3738 292 3798 duntur.

175 3884 178 3889 <
248 3849 366 3920 'Hisce
387 3859 547 3923 velamen
572 3878 656 3938 esse,
691 3873 904 3939 ceterarum
925 3870 1084 3944 Treuiro
