2408 4478
508 222 801 307 -460-

168 380 207 447 in
235 382 359 448 Museo
381 382 578 451 Viennensi
609 390 705 464 vicli3¹
726 413 896 472 quorum
925 393 1115 479 primumvi

168 488 253 572 ginti
275 489 414 570 pollices
437 490 587 571 longum,
609 509 701 574 parte
722 496 840 576 priori
860 521 942 562 non
960 504 1115 584 evolutum,

168 589 446 672 sivepiscinum,
484 592 580 669 dein,
617 594 713 655 utin
736 599 823 661 Ent.
848 603 1115 685 II.2.p.1t.n

168 710 202 759 1.
224 695 394 775 descripsi„
419 695 543 797 opariis
566 695 719 758 solitariis
743 702 893 795 mediis,
919 705 1043 786 passim
1059 708 1114 769 rint

166 809 355 860 transversa
394 797 531 871 notatis;
562 802 753 860 secundum
793 806 973 868 tredecim
1009 808 1113 889 pollicet

165 903 323 982 longum,
346 900 536 972 consimile;
562 899 697 962 tertium
726 917 798 966 tres
820 908 982 987 pollices
1004 912 1112 993 longum

166 1016 275 1066 totum
299 1001 474 1084 piscimum
498 1014 577 1063 erat.

277 1107 359 1169 Obs.
380 1106 580 1167 Bnnnsnnns
614 1105 819 1185 Bnanmmt,
847 1133 872 1174 a
898 1134 973 1195 quo
994 1113 1108 1199 speciest

104 1198 107 1204 ¹
164 1212 254 1276 hanc
283 1208 319 1270 in
348 1211 482 1272 Falcone
504 1205 606 1297 fitlvo
634 1225 804 1290 repertam
844 1217 981 1299 accepi,
1002 1218 1106 1281 nonii

163 1314 231 1376 hoc
252 1311 364 1376 sedin
386 1313 534 1377 Falcone
559 1310 721 1373 Albicilla
736 1313 923 1394 reperisse
947 1320 1104 1402 suspicatur,

123 1482 128 1491 .
164 1421 245 1500 quia
265 1418 409 1497 Ligulae
433 1417 492 1476 vel
514 1416 548 1474 in
571 1414 716 1493 piscibus
739 1414 842 1496 ipsis,
871 1422 935 1483 vel
960 1421 1103 1484 inanime

164 1526 253 1587 libus
276 1522 327 1582 his
352 1514 565 1578 vescentibus
591 1529 776 1579 occursant.
826 1520 944 1583 Falco
967 1524 1099 1585 fulvum

162 1646 244 1688 men
267 1622 371 1683 fuisse
393 1632 520 1699 potest,
548 1617 606 1696 qui
633 1617 748 1679 avium
778 1621 1002 1688 marinarum
1028 1647 1099 1695 cons

162 1742 289 1791 starum
308 1745 372 1806 ope
400 1723 531 1803 Ligulis
561 1721 728 1782 obnoxius
759 1720 874 1785 lactus
899 1726 955 1790 sit.
1001 1730 1098 1809 Neque,

161 1849 228 1892 nos
252 1826 465 1911 hypothetice
489 1836 616 1885 tantuin
645 1820 774 1900 reliqua
801 1826 979 1895 animalia
996 1853 1017 1895 a
1033 1831 1099 1915 Lign

159 1932 203 1998 lis
225 1932 332 1996 libera
354 1931 490 2005 habere,
514 1922 726 1989 reticendum
746 1938 810 1993 est.

211 2109 245 2160 2.
270 2089 407 2184 Ligula
432 2088 615 2161 alternans
639 2086 683 2152 R.
766 2155 771 2165 ,

262 2240 307 2301 In
329 2240 453 2300 Museo
474 2228 670 2297 Viennensi
697 2226 892 2308 specimina
923 2237 1002 2303 vidi
1026 2240 1097 2326 pluri.

158 2365 214 2410 ma
246 2341 283 2404 in
319 2345 410 2405 Laro
446 2337 630 2421 parasitico
674 2349 815 2412 reperta.
886 2341 1096 2409 Evoluwmffi

61 2525 67 2538 ι
159 2449 276 2511 ovaria
304 2466 391 2527 vage
419 2446 546 2506 alterna
583 2450 615 2499 et
647 2451 721 2515 pars
754 2434 870 2501 antica
903 2441 982 2508 fere
1014 2448 1096 2509 attici

157 2555 234 2618 lata.

244 2654 342 2739 Quae
365 2648 491 2710 ibidem
513 2645 586 2708 vidi
608 2650 751 2729 plurima
768 2647 805 2711 in
821 2648 922 2715 Lare
945 2652 1094 2717 ridibunn

155 2762 251 2828 lecta,
275 2759 478 2837 plerumque
508 2751 622 2812 ovaria
650 2755 794 2832 alterna,
834 2752 1020 2818 interdum
1045 2757 1094 2823 len

156 2860 311 2944 opposita
334 2855 572 2919 exbibuerunt.
615 2852 772 2918 Aderant
794 2854 904 2917 etiam
934 2859 1094 2941 specimina

152 2966 241 3037 alba,
262 2957 440 3042 pellucida,
457 2952 583 3016 ovariis
600 2957 755 3022 carentia.

260 3057 376 3124 Musei
396 3056 531 3128 laudati,
555 3077 728 3137 nunquam
749 3083 839 3127 vero
856 3063 943 3126 sa'tis
961 3061 1093 3128 laudandi

135 3163 338 3247 ¹specimina
375 3159 411 3221 in
448 3160 537 3219 Laro
577 3161 691 3237 glaztco
727 3180 867 3246 reperta
906 3168 1093 3249 piscinorun

151 3269 255 3331 modo
276 3263 365 3326 haud
387 3263 536 3334 evoluta,
559 3259 623 3319 lata
645 3275 677 3323 et
698 3266 923 3349 multistriata
948 3285 1051 3336 erant·

259 3383 358 3470 Quae
386 3380 447 3441 cel.
475 3378 626 3443 Ntszscn
654 3385 689 3443 in
718 3383 897 3449 intestinis
933 3392 1020 3454 Lan·
1042 3389 1093 3453 catti

151 3486 295 3550 senioris
317 3483 508 3545 Novembri
529 3497 659 3563 reperta
688 3485 780 3550 misit
812 3491 1012 3569 specimina
1036 3495 1092 3567 duo,

150 3588 307 3648 nondum
328 3585 466 3647 evoluta
486 3585 546 3646 sed
568 3584 704 3667 piscinis
727 3587 907 3656 simillima
932 3612 1022 3659 sunt.

201 3757 237 3831 3.
261 3741 398 3838 Ligula
424 3740 630 3837 interrupta
655 3751 700 3816 L.

253 3869 436 3953 specimen
473 3891 634 3956 magnum
668 3875 705 3939 in
743 3876 869 3966 Margo
904 3885 1091 3974 Mergamm
