2408 4478
552 263 836 337 *πά-.-

213 418 392 488 eiminibus
428 420 471 480 ob
506 419 624 481 oculos
659 419 777 500 positis
814 422 982 497 succedit3
1028 422 1162 489 marito

111 524 114 534 '
213 542 323 589 autem
345 540 411 585 tam
433 541 577 582 numero
601 518 799 595 minoribus,
845 544 949 604 quam
971 528 1165 610 plerumque

212 650 274 710 per
301 630 407 688 breve
438 635 566 683 tantum
595 637 727 704 tempus
758 625 883 701 obviis,
930 627 993 719 illa
1027 630 1165 712 cognitio

212 727 352 792 nonnisi
389 727 612 806 plurimorum
647 739 786 791 naturae
818 741 1051 793 scrutatorum
1073 748 1165 813 opera

213 831 394 912 conjuncta
417 829 554 888 demum
576 826 691 907 perfici
712 827 845 909 poterit.

323 933 498 991 Generum
524 927 623 1007 hujus
654 929 781 992 ordinis
803 929 839 992 in
862 934 1016 1017 Synopsi
1039 953 1165 997 enumc-

212 1047 361 1096 ratorum
386 1030 588 1091 characteres
610 1028 789 1093 maximam
816 1051 946 1117 partem
975 1020 1069 1098 boni
1089 1048 1165 1116 sunt,

132 1152 135 1163 ·
214 1155 299 1214 quae
322 1130 462 1213 singulis
487 1145 597 1192 tamen
627 1130 814 1213 adjicienda
843 1128 1071 1213 videbantur,
1111 1139 1164 1199 sin

164 1288 169 1297 .
214 1237 292 1317 gula
315 1235 476 1295 suoloco
504 1233 664 1313 reperies.

451 1438 673 1513 Genusl.
720 1441 935 1510 Filuriu.

319 1625 437 1684 Genus
463 1612 567 1685 hocce
593 1623 706 1684 forsan
734 1624 844 1688 dividi
875 1627 1066 1695 debuisset.
1108 1628 1161 1693 Ge·

212 1724 339 1788 nuinae
363 1722 502 1786 Filariae
525 1727 751 1807 suntllongae,
774 1727 961 1809 fililbrmes‚
982 1732 1162 1813 subaequa-

212 1826 274 1906 Ies,
315 1827 493 1911 plurimam
514 1841 640 1907 partem
659 1830 791 1904 molles,
835 1844 910 1893 cute
931 1844 1057 1897 tenera
1075 1831 1162 1895 facilc

214 1934 413 2015 disruptura,
433 1931 614 2011 (plurimae
636 1931 702 1993 nisi
714 1916 859 2010 omnes)¹
878 1931 1074 2015 viviparae,
1096 1954 1163 1997 ova·

211 2037 268 2098 riis
290 2033 412 2116 longis,
436 2034 565 2112 apicem
589 2052 705 2096 versus
729 2033 897 2109 tenuibus,
920 2050 1081 2099 ceterum
1090 2052 1162 2099 crat·

212 2139 373 2208 simoniis,
396 2132 469 2214 ipso
493 2135 573 2194 tubo
599 2133 722 2196 cibario
746 2136 979 2212 crassioribus,
1030 2133 1162 2222 genitali
1188 2168 1193 2181 =

211 2240 363 2301 masculo
393 2233 594 2314 simpliciore
620 2257 719 2316 qnam
750 2237 929 2318 generibus
961 2234 1162 2319 insequenti·

211 2345 284 2416 bus,
308 2344 433 2419 absque
454 2335 593 2417 vagina,
624 2339 752 2417 spiculo
773 2340 829 2400 vel
852 2338 1002 2400 solitario
1029 2340 1092 2402 vel
1112 2338 1161 2398 du·

211 2441 304 2525 plici.
368 2440 427 2501 Ab
454 2435 505 2498 his
534 2452 623 2503 certe
652 2438 809 2507 differunt
836 2441 994 2503 Entozoa
1020 2444 1160 2505 Zanano

217 2543 432 2624 Capsulariae
452 2541 547 2614 dicta,
571 2559 638 2619 quo
663 2538 762 2600 etiam
784 2541 924 2605 nomine
947 2543 986 2605 in
1002 2545 1160 2627 Catalogo

210 2644 325 2707 Musei
352 2644 565 2706 Viennensis
591 2640 856 2720 locupletissimo
880 2656 1043 2726 utuntur,
1089 2663 1160 2726 quo

210 2770 285 2810 rum
308 2768 391 2810 vero
416 2730 638 2806 characterem
658 2731 853 2822 genericum
876 2767 928 2808 me
944 2748 1049 2809 nullo
1062 2747 1158 2810 modo

181 2832 328 2923 'eruere
353 2868 466 2930 posse,
508 2847 658 2928 ingenue
679 2844 794 2906 fateor.
856 2847 994 2910 Verum
1026 2850 1159 2933 quidem

209 2968 271 3028 est,
315 2952 435 3012 multas
460 2947 664 3030 Capsularias
687 2947 724 3011 in
748 2951 870 3029 spiram
892 2949 1036 3035 planam
1060 2950 1158 3028 (orbi-

208 3056 321 3117 culum
342 3052 530 3130 sistentem)
552 3051 723 3112 involutas
744 3048 894 3138 reperiri,
928 3051 990 3113 sed
1019 3052 1068 3116 de
1097 3071 1159 3115 ont·

206 3154 307 3223 nibus
330 3153 395 3212 hoc
419 3152 619 3233 neutiquam
640 3153 747 3227 valet,
791 3165 829 3214 ut
854 3149 1023 3240 plurimae
1049 3154 1158 3217 forsan

208 3276 228 3318 e
253 3255 417 3319 contrario
446 3253 504 3316 illa
531 3266 611 3319 nota
633 3267 778 3330 careant,
823 3256 941 3317 eadem
961 3275 1049 3316 vero
1072 3266 1156 3319 ento·

138 3372 141 3377 '
206 3356 279 3418 zois
310 3376 369 3423 ore
396 3367 463 3420 tam
489 3353 666 3421 orbiculari
693 3338 787 3415 nudo
819 3378 919 3443 quam
948 3353 1093 3422 trivalvi
1111 3349 1163 3420 inss

112 3472 117 3479 ·
206 3454 336 3521 structis
380 3468 554 3539 competat.
618 3457 775 3518 anunus
815 3481 921 3542 pauca
958 3455 1155 3545 hujusmodi

205 3571 350 3619 entozoa
371 3560 613 3638 contemplatus
644 3555 808 3637 exquisite
836 3559 986 3642 spiralia,
1031 3560 1154 3623 charao

203 3673 290 3720 teres
313 3657 409 3719 facile
431 3657 554 3740 posuit,
576 3673 711 3722 nosmet
733 3674 844 3724 autem
859 3647 1006 3743 plurima
1018 3663 1153 3725 illorum

202 3770 269 3818 tam
291 3755 422 3837 spiralia
445 3781 545 3840 quam
566 3759 763 3826 rectiuscula
786 3748 1035 3850 cognoscenilm
1060 3775 1151 3825 notas

200 3857 374 3943 genericas
395 3862 500 3926 bonas
521 3859 581 3928 vix
608 3876 642 3926 et
667 3882 713 3928 ne
743 3865 803 3929 vix
832 3865 970 3949 quidem
1004 3862 1149 3953 stabilire
