2408 4478
566 237 857 316 *428³-

227 391 419 472 adnotavit,
446 397 540 459 illam
563 398 671 457 obiter
700 394 876 459 insectum
906 394 1086 460 vocando.
1127 395 1172 467 cd

226 499 322 561 Bosc
345 500 387 560 de
412 497 566 578 ejusdem
588 499 665 559 ioco
706 498 807 559 valde
831 498 996 574 dubius,
1033 496 1171 561 crustam

230 615 345 669 tamen
365 598 519 661 suctoriis
540 600 676 663 affinem
698 599 845 663 credidit
869 615 905 663 et
932 596 1172 667 barbariam

230 724 276 777 ne
306 703 466 784 Capsalae
501 700 659 763 distinxit.
716 702 791 766 eet.
820 700 935 765 Onu
968 703 1007 765 in
1039 702 1170 769 Historia

228 803 399 867 Naturalis
420 801 618 865 Eneltiridio
644 800 811 865 ditissimo
838 804 1000 869 eandem
1021 805 1108 869 iliam
1129 824 1170 891 :pt

229 909 316 971 siem
339 902 478 981 nomine
501 902 670 984 genesim,
686 903 781 982 quod
796 905 906 973 etiam
928 908 1169 990 Caryophylltst

231 1009 314 1071 olim
336 1007 399 1068 fuit
419 1005 626 1086 impositum,
649 1005 802 1086 Phyllide
823 1006 1045 1091 insigniviu
1067 1011 1107 1071 de
1124 1011 1170 1073 loa

233 1123 344 1175 'autem
387 1107 509 1189 pariter
553 1104 675 1167 dubius
717 1106 820 1169 fuisse
859 1110 1027 1186 videtur,
1065 1111 1169 1193 primm

232 1211 323 1274 enim
345 1234 377 1293 p.
400 1222 469 1279 182.
488 1207 727 1282 Lemaearum,
747 1207 916 1291 deinceps
942 1227 1064 1279 autem
1083 1235 1112 1297 p.
1125 1229 1168 1293 ayt

229 1311 443 1385 Hirudinum
464 1311 609 1373 familiae
631 1307 767 1387 addidit,
791 1309 904 1391 quid?
950 1317 1050 1397 quod
1073 1314 1168 1377 Hirad

230 1434 290 1476 nes
324 1435 342 1475 a
371 1415 573 1475 Tristomate
612 1416 756 1477 maxime
795 1415 954 1493 alienas,
998 1416 1167 1479 Hirudinea

227 1513 456 1595 Hippoglossi
479 1529 512 1577 et
533 1516 580 1575 H.
601 1534 763 1599 gtossam,
775 1517 818 1583 ad
839 1514 943 1585 idem
956 1518 1168 1609 Phyllinesfit

229 1633 295 1677 nus
318 1615 442 1687 retulit.

335 1718 417 1778 Non
450 1740 608 1802 possum,
645 1722 726 1802 quin
760 1723 810 1787 ill.
841 1723 1046 1787 Comama
1076 1742 1168 1807 sequa,

219 1821 291 1899 ‚qui
312 1823 455 1901 primam
478 1822 625 1905 speciem
639 1825 842 1906 detegendo,
866 1846 988 1908 genus
1007 1840 1044 1890 et
1064 1824 1168 1889 nomint

231 1943 383 2004 congruo
412 1925 504 1985 auxit
534 1939 567 1986 et
596 1925 856 1991 Trematodibus
888 1927 1044 1993 addidit.
1096 1929 1169 1991 Pom!

229 2042 288 2089 aut
311 2026 433 2087 horum
454 2026 571 2097 saitem
593 2027 815 2107 posteriorem
838 2026 1074 2093 discoideum
1098 2044 1169 2093 etn·

230 2126 358 2189 diatum
381 2131 496 2190 canale
519 2126 667 2191 sensibili
690 2125 825 2188 destitui
856 2128 953 2192 nihil
980 2134 1098 2210 refert,
1117 2148 1168 2193 aaa

227 2229 427 2290 Distomatis
451 2250 553 2309 porus
577 2228 735 2293 ventralis
755 2228 883 2310 pariter
910 2231 1115 2316 impervius
1133 2244 1168 2307 est,

230 2331 314 2410 quin
336 2328 587 2392 Pentastomatis
610 2350 712 2409 porus
734 2335 841 2413 impar
866 2346 1011 2398 tantum
1037 2341 1103 2400 oris
1120 2334 1169 2399 vid

228 2436 292 2493 bus
319 2432 480 2513 fungitur,
531 2433 718 2513 Proboscis,
755 2455 861 2514 quam
881 2435 945 2497 LA
968 2441 1169 2502 Mannum

230 2534 321 2608 dixit,
353 2535 466 2598 forsan
494 2534 597 2599 cirrus
624 2536 703 2610 fuit,
727 2556 793 2614 qua
819 2536 864 2599 de
893 2560 934 2600 re
969 2541 1065 2605 infra
1091 2558 1167 2605 serm

229 2641 302 2703 crit.
348 2636 452 2720 Quod
480 2637 563 2696 mihi
591 2650 702 2698 autem
729 2656 799 2695 rem
829 2640 1018 2706 conficere
1056 2645 1168 2712 videm,

130 2741 134 2747 “
228 2739 437 2802 Tristomatis
459 2757 619 2800 vasorum
641 2736 724 2800 retia
745 2737 811 2801 illis
827 2741 1096 2809 Trematodum
1113 2744 1169 2808 mitt

204 2843 445 2924 .resp011‹lent,
468 2860 582 2918 neque
602 2841 769 2916 intestina,
793 2836 835 2909 c'l.
850 2843 936 2907 viro
963 2847 1006 2909 in
1029 2849 1170 2931 speciest·

227 2949 336 3009 sunda
377 2942 481 3016 dicta,
519 2943 559 3002 ab
595 2942 809 3009 oviduetibus
840 2947 1073 3034 sejungenda
1104 2944 1170 3013 cred

228 3049 362 3110 dissem.

282 3224 311 3274 ι.
339 3209 523 3273 Tristoma
549 3202 761 3272 coccineum
782 3207 956 3282 cumn.
981 3239 1023 3283 n,
1049 3206 1174 3311 spTd.

385 3340 415 3391 ι.
441 3321 519 3414 Fig.
548 3335 581 3408 7,
610 3332 643 3401 3.

336 3448 470 3510 Cama
492 3453 611 3530 Regae
640 3450 762 3513 animal
792 3453 833 3511 T.
865 3454 942 3517 IV.
977 3482 1014 3542 p⁴
1045 3475 1097 3536 42.
1117 3458 1174 3521 Tat.

231 3563 280 3624 15.
303 3549 376 3629 Fig.
404 3569 452 3615 ιο.
476 3550 644 3612 Tristoma
667 3552 879 3619 coccineum.

336 3653 423 3714 Has.
447 3655 483 3712 in
502 3653 669 3718 branchiis
697 3656 960 3733 Ortdragorisci
993 3663 1123 3739 Malae,
1139 3657 1177 3723 di

226 3753 326 3830 pilae
354 3752 485 3829 Gladii,
517 3755 730 3837 aliorumque
761 3755 862 3817 maris
888 3762 1133 3827 mediterranei
1146 3756 1176 3841 pi·

227 3850 351 3930 scium,
375 3857 532 3921 Cuvmao
556 3873 654 3932 teste3
678 3859 750 3945 ipse
771 3878 967 3942 nunquam
994 3866 1116 3953 reperi.
