2408 4478
429 250 435 259 .
512 278 571 331 1-
622 257 803 338 su·-

187 409 238 475 dis
262 386 371 472 oculis
394 405 535 470 nonnisi
563 405 723 471 exercitio
755 409 871 487 aliquo
901 425 1079 491 usurpare
1098 432 1154 493 po·

187 513 248 587 tui,
271 524 449 592 postquam
473 532 539 591 ope
562 507 777 589 microscopii
802 510 919 569 locum
943 528 1156 590 notaveram,

189 634 255 695 qua
278 608 501 691 reperiendus
525 628 629 686 esset3
654 627 760 685 teres,
781 612 959 688 (alanicus,
990 612 1031 675 in
1054 616 1155 697 spiras

190 713 390 778 arctissimas
415 717 641 788 convolutus3
663 715 799 776 tandem
813 717 1002 797 explicatus
1028 732 1064 778 et
1086 732 1156 781 tum

189 817 319 880 lincam
344 813 523 879 dimidiam
546 818 610 879 vix
632 818 809 898 attingens,
834 816 1154 907 crassiusculus,ca·

189 919 260 1001 pite
286 919 427 999 obtuso,
454 921 670 1001 valvularum
692 918 842 1003 speciem
864 918 1066 998 exhibente,
1083 938 1155 985 'cau-

192 1021 235 1083 da
258 1021 378 1080 obtusa
400 1040 477 1080 curn
499 1021 665 1090 acumine.

298 1152 360 1218 An
384 1155 561 1218 vermiculi
584 1155 636 1218 isti
654 1154 809 1219 sobolem
820 1150 999 1217 Ascaridis
1022 1157 1152 1241 depres

197 1279 255 1322 sae
280 1255 417 1336 sistunt,
441 1258 535 1338 cujus
558 1257 678 1319 nidum
701 1257 875 1341 hydatides
898 1257 1082 1324 referunt?
1112 1259 1152 1323 Si·

193 1357 277 1423 mile
315 1359 397 1441 quid
436 1361 480 1423 de
506 1361 699 1424 Distomate
727 1357 921 1444 crystallino
950 1381 987 1423 n.
1023 1365 1079 1441 36.
1107 1380 1153 1425 σιμ

195 1481 317 1545 spicor.
1083 1482 1086 1487 ·

249 1649 307 1727 ²5
333 1634 472 1708 Ascaris
498 1632 725 1707 cnsicaudatc
752 1638 850 1710 Zao.

303 1798 384 1865 Ent
406 1801 457 1864 Π.
484 1817 510 1863 t.
532 1823 566 1882 p.
590 1814 660 1879 145.
681 1821 714 1862 n.
743 1799 791 1862 16.
824 1790 903 1861 Asc.
926 1800 1147 1915 ensicaudata.

367 1923 402 1985 p
428 1921 498 1982 191
521 1925 556 1966 u.
579 1915 629 1981 542
653 1901 737 1964 Asc
758 1892 886 1967 lancea.

300 2039 589 2123 Entozoologiam
625 2039 741 2105 edenti
775 2033 914 2099 nonnisi
950 2034 1148 2105 Ascaridem

200 2141 354 2204 lanceam
379 2143 414 2201 in
440 2144 606 2206 intestinis
643 2145 742 2205 Turdi
773 2143 867 2204 iliaci
896 2146 1068 2219 repertam
1091 2163 1149 2204 exa·

199 2245 332 2307 minare
356 2243 549 2325 contigerat,
573 2261 610 2308 ut
632 2250 768 2308 Zanaar
789 2239 986 2304 auctoritate
1010 2264 1149 2304 commo·

198 2356 252 2406 tus
274 2344 366 2405 illam
393 2347 426 2406 T.
450 2348 594 2410 Merulae
622 2348 873 2412 ensicaudatam
901 2343 1149 2427 distinguerent,

199 2447 345 2511 dubium
366 2464 478 2511 tamen
515 2452 557 2514 de
588 2454 762 2530 utriusque
792 2445 990 2510 diversitate
1020 2451 1046 2529 l,
1079 2470 1106 2511 c.
1125 2471 1151 2531 p·

201 2563 272 2628 145.
297 2554 369 2615 obs.
392 2569 423 2612 2.
449 2552 637 2631 adjicerem.
671 2551 896 2614 Postmodum
919 2562 1034 2610 autern
1059 2552 1150 2614 Octo·

200 2653 255 2713 bri
277 2653 448 2736 Gryphiae
470 2655 505 2715 in
533 2656 575 2718 T.
606 2657 762 2717 Merulae
786 2652 945 2717 tenuibus
958 2651 1154 2714 Ascaridem

112 2794 118 2809 ·
202 2755 316 2836 reperi
339 2758 483 2817 omnino
513 2757 658 2819 eandem
684 2778 721 2818 ac
749 2758 843 2821 illam
854 2753 965 2838 Turdi
987 2754 1096 2830 iliaci,
1117 2753 1154 2815 bi·

201 2857 408 2939 pollicarem,
430 2858 599 2921 cineream
618 2858 777 2921 intestino
802 2861 896 2923 fusco
920 2859 1155 2930 translucente,

201 2958 362 3042 utrinque
385 2961 571 3043 aequaliter
596 2974 814 3038 attenuatam,
843 2976 876 3037 et
902 2961 996 3034 (licet
1031 2958 1156 3035 vivam)

202 3063 403 3128 tenuissime
434 3066 659 3138 crenulatam‚
681 3067 885 3129 membranis
909 3061 1110 3125 lateralibus
1128 3058 1158 3122 in

122 3243 133 3254 .
203 3162 312 3247 capite
337 3179 370 3228 et
393 3169 497 3229 cauda
520 3189 621 3248 quam
648 3165 685 3227 in
707 3164 842 3248 reliquo
875 3183 1021 3246 corpore
1045 3160 1160 3231 latiori·

202 3266 276 3331 bus.
305 3268 350 3331 Iu
374 3270 534 3351 Catalogo
555 3270 752 3331 Viennensi
774 3267 861 3350 typis
882 3265 1055 3347 impresso
1067 3261 1160 3329 Asca-

202 3365 294 3432 rides
314 3372 417 3435 Turdi
440 3374 596 3446 Merulae,
617 3373 789 3446 viscivori,
813 3371 937 3444 raurici,
955 3370 1116 3453 torquati
1134 3378 1161 3430 et

202 3471 417 3537 arundiuacoi
443 3475 485 3535 ad
515 3473 783 3548 ensicaudatam,
818 3475 877 3535 illa
909 3483 1029 3533 autem
1070 3470 1162 3533 Turdi

202 3571 299 3634 iliaci
316 3575 357 3635 ad
379 3577 532 3640 lanceam
554 3578 760 3640 referuntur.
805 3577 847 3637 In
871 3574 1037 3655 Catalogo
1063 3572 1161 3636 Vien-

204 3671 307 3735 nensi
339 3679 579 3762 manuscripto,
615 3677 672 3760 qui
696 3690 924 3741 entoaoorum
943 3673 1095 3739 nomina
1115 3671 1160 3736 tri·

206 3769 312 3835 vialia
334 3795 407 3839 non
436 3779 552 3863 habet,
580 3780 680 3847 etiam
718 3781 818 3846 Turdi
837 3779 998 3845 saxatilis
1026 3774 1159 3857 Ascaris

204 3874 440 3950 enumeratur.
