2452 4478
394 255 452 347 -Ι-
499 235 572 316 509
623 253 718 329 ····,

162 386 208 453 In
230 378 382 470 plurimis
404 383 1012 473 praeterea-Aviculisoccurritpquas

49 492 145 554 'duce
168 492 328 572 Catalogo
351 489 548 555 Viennensi
570 491 606 551 in
631 491 775 571 synopsi
801 495 1011 574 enumeravi,

53 597 162 658 eriam
184 595 220 655 in
242 589 390 672 Alauda,
408 597 458 657 uti
481 593 564 655 olim
584 591 669 655 mihi
691 592 804 656 visum
825 576 884 656 est.

107 761 169 835 45.
198 753 333 823 Taenia
360 751 528 850 angulata
552 743 597 821 R.

97 943 100 947 ,
163 883 329 946 Taeniam
351 883 546 944 maculatam
557 880 734 971 Barsonro
754 880 875 946 dictam
887 886 1013 955 Entoz.

54 977 109 1048 11.
135 996 166 1048 ’5.
190 1008 224 1066 p.
250 1001 321 1064 132.
343 1007 378 1046 n.
401 997 453 1065 34.
477 1005 496 1044 a
516 983 676 1072 Bnocnro
704 984 816 1048 minus
844 990 935 1071 bene
958 988 1021 1052 de-.

57 1085 214 1166 scriptam
236 1087 400 1168 separavi,
424 1086 485 1148 sed
498 1085 648 1167 catalogi
670 1085 880 1150 Viennensis
903 1103 1020 1182 aucto·¹

54 1187 151 1256 ritate
177 1203 364 1250 commotus
390 1200 467 1249 cum
489 1188 531 1250 T.
556 1189 710 1268 angulata
734 1189 917 1272 conjungo.
939 1189 1014 1255 Au.

57 1302 169 1352 stores
194 1291 277 1352 olim
298 1272 505 1352 Taeniai'um
527 1303 654 1368 partem
682 1289 889 1375 anteriorem
912 1311 1012 1377 saepe

58 1393 188 1452 collum
210 1405 433 1471 vocaverunt,
454 1392 532 1451 licet
555 1378 724 1454 articulata
745 1391 797 1472 sit,
820 1396 1020 1483 quodsum,

56 1493 233 1557 fusionem
256 1495 333 1568 ciet3
356 1493 384 1555 si
406 1491 498 1557 enim
522 1493 634 1558 verbis
656 1487 745 1559 fides
763 1515 837 1558 nou
857 1480 1022 1564 habendi

57 1610 120 1673 est,
145 1589 294 1676 cogritio
321 1595 431 1658 omnis
451 1595 590 1667 tollitur

144 1690 364 1760 Β555555555555
387 1697 571 1780 specimina
584 1697 713 1781 aliquot
729 1666 828 1775 misit,
846 1700 884 1764 in
910 1688 1023 1775 Turdi

55 1810 155 1864 nova
177 1799 291 1880 specie
319 1799 398 1876 (sibi
427 1802 559 1880 octava)
589 1816 733 1882 reperta,
764 1822 910 1881 quorum
936 1809 1014 1873 alte·
1082 1876 1090 1885 ,

56 1923 137 1962 rum
160 1915 262 1983 capua
284 1901 420 1980 quidem
447 1903 590 1979 exhibet,
614 1907 675 1966 sed
693 1908 840 1968 'rastello
860 1920 1014 1980 retracto.

61 2001 194 2066 Collum
211 2005 326 2066 breve.
370 2008 512 2067 Articuli
533 2006 714 2069 anteriores
731 2027 813 2077 mox
827 2009 1015 2092 breuiores,

58 2125 145 2187 mox
167 2107 252 2167 mult
241 2121 274 2167 to
296 2107 540 2191 longioribus
532 2112 744 2194 mterceptr
720 2108 889 2187 sistuntur
902 2096 905 2101 ¹
932 2112 1014 2179 Hoc
1053 2157 1068 2197 3

59 2230 93 2289 5
101 2209 220 2269 mortis
242 2209 372 2272 ratione
388 2211 587 2285 derivarem,
608 2232 687 2272 nam
684 2210 852 2294 ejusdem
864 2212 1020 2299 Taeniae

59 2284 221 2372 articulos
243 2333 325 2372 mox
347 2314 447 2375 valde
469 2315 653 2394 elongatos,
675 2333 756 2372 mox
767 2294 868 2374 v'alde
888 2331 1015 2402 contra·

59 2426 135 2493 5555
156 2432 257 2496 saepe
280 2414 354 2478 vidi
376 2428 409 2478 et
430 2417 552 2496 passim
575 2413 692 2484 retuli;
724 2396 1015 2492 quemadmodum

56 2514 293 2597 humanorum
316 2517 417 2579 etiam
440 2512 672 2578 cadaverum
663 2512 721 2575 aris
734 2534 815 2575 mox
837 2530 1014 2602 5555555555,

57 2610 146 2679 rnox
168 2617 310 2694 dilatata,
327 2618 474 2680 musculi
494 2639 579 2680 555555
603 2617 694 2690 duri,
712 2634 799 2692 mox
819 2613 947 2688 flaccidi
968 2635 1017 2687 re.

59 2719 253 2802 periuntur,
279 2732 312 2782 et
333 2723 369 2782 in
391 2720 545 2802 plurimis
566 2718 714 2800 partibus
738 2714 911 2778 diversitas
929 2721 1017 2808 ,otni-
1057 2801 1059 2806 5

59 2823 162 2885 tinet.
196 2823 264 2884 Res
277 2838 389 2887 autern
411 2843 483 2883 non
501 2817 781 2906 praetervidenda
801 2830 861 2892 est,
877 2839 923 2882 ne
935 2821 1018 2907 falsa

63 2924 181 3012 specie
202 2922 349 3002 inducti,
390 2945 477 3006 quae
510 2922 696 3004 conjuncta*
721 2929 857 3012 manere
879 2921 1017 3002 debent,
1043 2995 1044 3001 ἵ

62 3041 276 3106 separemus.
522 3014 527 3023 ’

89 3184 182 3265 ⁰44.
196 3171 344 3261 'Taenia
367 3185 598 3259 tenuirostris
622 3186 669 3256 R.
694 3203 733 3252 55.
759 3202 811 3273 sp.

176 3327 260 3401 Am·
280 3334 480 3410 Busnssnns
504 3334 634 3413 aliquot
661 3314 845 3407 specimina
870 3318 962 3388 misit
982 3319 1021 3388 in
1100 3315 1103 3322 ¹

62 3431 231 3496 intestinis
258 3438 368 3520 Mergi
393 3439 576 3500 Serratoris
607 3442 755 3517 reperta,
779 3443 923 3507 quorum
943 3424 1022 3493 alte·

64 3555 145 3621 rum
160 3535 268 3618 capite
283 3538 494 3612 instructum,
508 3525 1020 3617 5555ῑὶ555555551115555551555555.

179 3656 287 3738 Caput
307 3654 556 3721 subrotundum
578 3665 741 3731 parvum3
762 3646 929 3727 rostellum
952 3664 1024 3730 gra.

64 3747 138 3822 ‘sile
162 3778 280 3823 versus
306 3763 435 3840 apicem
464 3760 623 3821 obtusum
649 3747 857 3831 increscens;
882 3749 1026 3829 inerme.

72 3857 204 3927 Collum
233 3859 416 3932 mediocre.
476 3853 626 3928 Articuli
662 3846 849 3914 anteriores
882 3846 1027 3936 angusti,
