<?xml version="1.0" encoding="UTF-8"?>
<!DOCTYPE html PUBLIC "-//W3C//DTD XHTML 1.0 Transitional//EN"
    "http://www.w3.org/TR/xhtml1/DTD/xhtml1-transitional.dtd">
<html xmlns="http://www.w3.org/1999/xhtml" xml:lang="en" lang="en">
 <head>
  <title>
</title>
<meta http-equiv="Content-Type" content="text/html;charset=utf-8" />
  <meta name='ocr-system' content='tesseract 3.04.00' />
  <meta name='ocr-capabilities' content='ocr_page ocr_carea ocr_par ocr_line ocrx_word'/>
</head>
<body>
  <div class='ocr_page' id='page_1' title='image "./entozoorumsynop00rudogoog/entozoorumsynop00rudogoog_0360.png"; bbox 0 0 2452 4478; ppageno 0'>
   <div class='ocr_carea' id='block_1_1' title="bbox 10 255 1080 3040">
    <p class='ocr_par' dir='ltr' id='par_1_1' title="bbox 52 255 1039 1107">
     <span class='ocr_line' id='line_1_1' title="bbox 409 255 694 335; baseline -0.004 -1"><span class='ocrx_word' id='word_1_1' title='bbox 409 270 463 291; x_wconf 88' lang='grc'><strong>““</strong></span> <span class='ocrx_word' id='word_1_2' title='bbox 515 255 590 335; x_wconf 73' lang='lat'><strong>553</strong></span> <span class='ocrx_word' id='word_1_3' title='bbox 641 261 694 297; x_wconf 69' lang='lat'><strong>⁴·</strong></span> 
     </span>
     <span class='ocr_line' id='line_1_2' title="bbox 52 392 1039 496; baseline -0.003 -19"><span class='ocrx_word' id='word_1_4' title='bbox 52 411 125 496; x_wconf 85' lang='lat' dir='ltr'><strong>pite</strong></span> <span class='ocrx_word' id='word_1_5' title='bbox 148 409 286 477; x_wconf 88' lang='lat' dir='ltr'><strong>tenuius</strong></span> <span class='ocrx_word' id='word_1_6' title='bbox 309 408 497 494; x_wconf 87' lang='lat' dir='ltr'><strong>posteriora</strong></span> <span class='ocrx_word' id='word_1_7' title='bbox 527 430 646 474; x_wconf 76' lang='lat' dir='ltr'><strong>versus</strong></span> <span class='ocrx_word' id='word_1_8' title='bbox 670 408 902 478; x_wconf 73' lang='lat' dir='ltr'><strong>incrassatum.</strong></span> <span class='ocrx_word' id='word_1_9' title='bbox 948 392 1039 476; x_wconf 77' lang='lat' dir='ltr'><strong>Cor·&#39;</strong></span> 
     </span>
     <span class='ocr_line' id='line_1_3' title="bbox 52 512 1025 602; baseline -0.001 -23"><span class='ocrx_word' id='word_1_10' title='bbox 52 535 118 598; x_wconf 90' lang='lat' dir='ltr'><strong>pus</strong></span> <span class='ocrx_word' id='word_1_11' title='bbox 143 517 233 578; x_wconf 89' lang='lat' dir='ltr'><strong>collo</strong></span> <span class='ocrx_word' id='word_1_12' title='bbox 267 513 525 595; x_wconf 84' lang='lat' dir='ltr'><strong>duplotriplove</strong></span> <span class='ocrx_word' id='word_1_13' title='bbox 556 512 713 589; x_wconf 82' lang='lat' dir='ltr'><strong>brevius,</strong></span> <span class='ocrx_word' id='word_1_14' title='bbox 744 515 852 602; x_wconf 77' lang='lat' dir='ltr'><strong>molto</strong></span> <span class='ocrx_word' id='word_1_15' title='bbox 880 514 1025 578; x_wconf 69' lang='lat' dir='ltr'><strong>crassius</strong></span> 
     </span>
     <span class='ocr_line' id='line_1_4' title="bbox 52 613 1025 696; baseline -0.001 -15"><span class='ocrx_word' id='word_1_16' title='bbox 52 639 150 692; x_wconf 81' lang='lat' dir='ltr'><strong>vero,</strong></span> <span class='ocrx_word' id='word_1_17' title='bbox 177 621 305 690; x_wconf 87' lang='lat' dir='ltr'><strong>album,</strong></span> <span class='ocrx_word' id='word_1_18' title='bbox 332 618 529 696; x_wconf 85' lang='lat' dir='ltr'><strong>oblongum,</strong></span> <span class='ocrx_word' id='word_1_19' title='bbox 553 613 745 694; x_wconf 80' lang='lat' dir='ltr'>inaequale,</span> <span class='ocrx_word' id='word_1_20' title='bbox 771 615 865 696; x_wconf 86' lang='lat' dir='ltr'><strong>apice</strong></span> <span class='ocrx_word' id='word_1_21' title='bbox 888 620 1025 686; x_wconf 72' lang='lat' dir='ltr'><strong>obtuso,</strong></span> 
     </span>
     <span class='ocr_line' id='line_1_5' title="bbox 56 716 1022 798; baseline -0.003 -17"><span class='ocrx_word' id='word_1_22' title='bbox 56 721 141 783; x_wconf 82' lang='lat' dir='ltr'><strong>Pori</strong></span> <span class='ocrx_word' id='word_1_23' title='bbox 162 718 368 790; x_wconf 78' lang='lat' dir='ltr'><strong>terminales,</strong></span> <span class='ocrx_word' id='word_1_24' title='bbox 392 718 498 798; x_wconf 82' lang='lat' dir='ltr'><strong>parvi,</strong></span> <span class='ocrx_word' id='word_1_25' title='bbox 518 716 690 797; x_wconf 84' lang='lat' dir='ltr'><strong>profundi,</strong></span> <span class='ocrx_word' id='word_1_26' title='bbox 716 716 844 778; x_wconf 82' lang='lat' dir='ltr'><strong>anticus</strong></span> <span class='ocrx_word' id='word_1_27' title='bbox 864 717 1022 797; x_wconf 85' lang='lat' dir='ltr'><strong>inaequa-</strong></span> 
     </span>
     <span class='ocr_line' id='line_1_6' title="bbox 54 817 1019 901; baseline -0.001 -19"><span class='ocrx_word' id='word_1_28' title='bbox 54 822 94 883; x_wconf 91' lang='lat' dir='ltr'><strong>lis</strong></span> <span class='ocrx_word' id='word_1_29' title='bbox 119 821 243 901; x_wconf 88' lang='lat' dir='ltr'><strong>major,</strong></span> <span class='ocrx_word' id='word_1_30' title='bbox 267 819 414 900; x_wconf 87' lang='lat' dir='ltr'><strong>posticus</strong></span> <span class='ocrx_word' id='word_1_31' title='bbox 443 817 653 884; x_wconf 74' lang='lat' dir='ltr'><strong>orbicularis.</strong></span> <span class='ocrx_word' id='word_1_32' title='bbox 703 819 778 880; x_wconf 84' lang='lat' dir='ltr'><strong>Ova</strong></span> <span class='ocrx_word' id='word_1_33' title='bbox 802 840 936 899; x_wconf 83' lang='lat' dir='ltr'><strong>magna,</strong></span> <span class='ocrx_word' id='word_1_34' title='bbox 973 821 1019 881; x_wconf 85' lang='lat' dir='ltr'><strong>el-</strong></span> 
     </span>
     <span class='ocr_line' id='line_1_7' title="bbox 56 920 1018 1004; baseline -0.003 -20"><span class='ocrx_word' id='word_1_35' title='bbox 56 922 310 1004; x_wconf 80' lang='lat' dir='ltr'><strong>liptico-ovata‚</strong></span> <span class='ocrx_word' id='word_1_36' title='bbox 335 921 551 983; x_wconf 79' lang='lat' dir='ltr'><strong>flavescentia</strong></span> <span class='ocrx_word' id='word_1_37' title='bbox 578 933 670 999; x_wconf 87' lang='lat' dir='ltr'><strong>parte</strong></span> <span class='ocrx_word' id='word_1_38' title='bbox 694 920 882 1002; x_wconf 81' lang='lat' dir='ltr'><strong>p&#39;osteriore</strong></span> <span class='ocrx_word' id='word_1_39' title='bbox 903 927 1018 1002; x_wconf 78' lang='lat' dir='ltr'><strong>(quam</strong></span> 
     </span>
     <span class='ocr_line' id='line_1_8' title="bbox 57 1021 690 1107; baseline -0.009 -21"><span class='ocrx_word' id='word_1_40' title='bbox 57 1024 180 1089; x_wconf 86' lang='lat' dir='ltr'><strong>idcirco</strong></span> <span class='ocrx_word' id='word_1_41' title='bbox 205 1043 325 1107; x_wconf 90' lang='lat' dir='ltr'><strong>corpus</strong></span> <span class='ocrx_word' id='word_1_42' title='bbox 350 1022 435 1100; x_wconf 86' lang='lat' dir='ltr'>dixi)</span> <span class='ocrx_word' id='word_1_43' title='bbox 462 1021 690 1084; x_wconf 82' lang='lat' dir='ltr'><strong>continentur.</strong></span> 
     </span>
    </p>

    <p class='ocr_par' dir='ltr' id='par_1_2' title="bbox 59 1122 1018 1510">
     <span class='ocr_line' id='line_1_9' title="bbox 160 1122 1018 1206; baseline -0.003 -16"><span class='ocrx_word' id='word_1_44' title='bbox 160 1126 264 1190; x_wconf 85' lang='lat' dir='ltr'>Ratio</span> <span class='ocrx_word' id='word_1_45' title='bbox 287 1124 429 1206; x_wconf 90' lang='lat' dir='ltr'><strong>partium</strong></span> <span class='ocrx_word' id='word_1_46' title='bbox 454 1125 542 1186; x_wconf 83' lang='lat' dir='ltr'><strong>varia</strong></span> <span class='ocrx_word' id='word_1_47' title='bbox 564 1144 624 1204; x_wconf 88' lang='lat' dir='ltr'><strong>pro</strong></span> <span class='ocrx_word' id='word_1_48' title='bbox 650 1123 869 1203; x_wconf 77' lang='lat' dir='ltr'><strong>speciminum</strong></span> <span class='ocrx_word' id='word_1_49' title='bbox 894 1122 1018 1205; x_wconf 84' lang='lat' dir='ltr'><strong>magni-</strong></span> 
     </span>
     <span class='ocr_line' id='line_1_10' title="bbox 60 1224 1015 1311; baseline 0.001 -22"><span class='ocrx_word' id='word_1_50' title='bbox 60 1228 192 1302; x_wconf 88' lang='lat' dir='ltr'><strong>tudine;</strong></span> <span class='ocrx_word' id='word_1_51' title='bbox 220 1229 399 1311; x_wconf 77' lang='lat' dir='ltr'>longitudo</span> <span class='ocrx_word' id='word_1_52' title='bbox 425 1226 540 1306; x_wconf 86' lang='lat' dir='ltr'><strong>capitis</strong></span> <span class='ocrx_word' id='word_1_53' title='bbox 571 1224 700 1287; x_wconf 85' lang='lat' dir='ltr'><strong>tertiam</strong></span> <span class='ocrx_word' id='word_1_54' title='bbox 726 1227 767 1286; x_wconf 90' lang='lat' dir='ltr'><strong>ad</strong></span> <span class='ocrx_word' id='word_1_55' title='bbox 799 1228 880 1288; x_wconf 82' lang='lat' dir='ltr'><strong>duas</strong></span> <span class='ocrx_word' id='word_1_56' title='bbox 904 1229 1015 1290; x_wconf 86' lang='lat' dir='ltr'><strong>tertias</strong></span> 
     </span>
     <span class='ocr_line' id='line_1_11' title="bbox 59 1327 1013 1412; baseline 0.001 -20"><span class='ocrx_word' id='word_1_57' title='bbox 59 1331 164 1395; x_wconf 87' lang='lat' dir='ltr'><strong>lineae</strong></span> <span class='ocrx_word' id='word_1_58' title='bbox 189 1343 317 1412; x_wconf 84' lang='lat' dir='ltr'><strong>partes,</strong></span> <span class='ocrx_word' id='word_1_59' title='bbox 354 1328 432 1389; x_wconf 89' lang='lat' dir='ltr'><strong>colli</strong></span> <span class='ocrx_word' id='word_1_60' title='bbox 470 1343 532 1388; x_wconf 88' lang='lat' dir='ltr'><strong>tres</strong></span> <span class='ocrx_word' id='word_1_61' title='bbox 557 1329 598 1387; x_wconf 88' lang='lat' dir='ltr'><strong>ad</strong></span> <span class='ocrx_word' id='word_1_62' title='bbox 628 1348 687 1389; x_wconf 82' lang='lat' dir='ltr'><strong>sex</strong></span> <span class='ocrx_word' id='word_1_63' title='bbox 710 1327 827 1410; x_wconf 84' lang='lat' dir='ltr'><strong>tineas,</strong></span> <span class='ocrx_word' id='word_1_64' title='bbox 863 1328 1013 1412; x_wconf 85' lang='lat' dir='ltr'><strong>corporis</strong></span> 
     </span>
     <span class='ocr_line' id='line_1_12' title="bbox 60 1431 607 1510; baseline 0.002 -17"><span class='ocrx_word' id='word_1_65' title='bbox 60 1433 134 1495; x_wconf 85' lang='lat' dir='ltr'><strong>duas</strong></span> <span class='ocrx_word' id='word_1_66' title='bbox 157 1433 198 1492; x_wconf 91' lang='lat' dir='ltr'><strong>ad</strong></span> <span class='ocrx_word' id='word_1_67' title='bbox 223 1448 287 1493; x_wconf 88' lang='lat' dir='ltr'><strong>tres</strong></span> <span class='ocrx_word' id='word_1_68' title='bbox 306 1431 409 1492; x_wconf 81' lang='lat' dir='ltr'><strong>lineas</strong></span> <span class='ocrx_word' id='word_1_69' title='bbox 434 1431 607 1510; x_wconf 79' lang='lat' dir='ltr'><strong>adaequat.</strong></span> 
     </span>
    </p>

    <p class='ocr_par' dir='ltr' id='par_1_3' title="bbox 164 1530 1014 1615">
     <span class='ocr_line' id='line_1_13' title="bbox 164 1530 1014 1615; baseline 0.004 -20"><span class='ocrx_word' id='word_1_70' title='bbox 164 1534 243 1595; x_wconf 62' lang='lat' dir='ltr'><strong>Obs⁴</strong></span> <span class='ocrx_word' id='word_1_71' title='bbox 271 1534 299 1595; x_wconf 63' lang='lat'><strong>1².</strong></span> <span class='ocrx_word' id='word_1_72' title='bbox 322 1530 514 1612; x_wconf 82' lang='lat' dir='ltr'><strong>Specirnina</strong></span> <span class='ocrx_word' id='word_1_73' title='bbox 538 1535 665 1612; x_wconf 82' lang='lat' dir='ltr'><strong>reliqua</strong></span> <span class='ocrx_word' id='word_1_74' title='bbox 689 1553 828 1615; x_wconf 88' lang='lat' dir='ltr'><strong>prorsus</strong></span> <span class='ocrx_word' id='word_1_75' title='bbox 852 1530 1014 1598; x_wconf 88' lang='lat' dir='ltr'><strong>conveni·</strong></span> 
     </span>
    </p>

    <p class='ocr_par' dir='ltr' id='par_1_4' title="bbox 10 1632 1080 2325">
     <span class='ocr_line' id='line_1_14' title="bbox 10 1632 1014 1715; baseline 0.003 -19"><span class='ocrx_word' id='word_1_76' title='bbox 10 1632 12 1640; x_wconf 78' lang='lat'>&#39;</span> <span class='ocrx_word' id='word_1_77' title='bbox 59 1648 129 1715; x_wconf 87' lang='lat' dir='ltr'><strong>unt,</strong></span> <span class='ocrx_word' id='word_1_78' title='bbox 150 1633 240 1696; x_wconf 91' lang='lat' dir='ltr'><strong>illud</strong></span> <span class='ocrx_word' id='word_1_79' title='bbox 262 1649 372 1696; x_wconf 88' lang='lat' dir='ltr'><strong>autem</strong></span> <span class='ocrx_word' id='word_1_80' title='bbox 396 1636 432 1694; x_wconf 88' lang='lat' dir='ltr'><strong>in</strong></span> <span class='ocrx_word' id='word_1_81' title='bbox 455 1637 540 1696; x_wconf 83' lang='lat' dir='ltr'><strong>Lari</strong></span> <span class='ocrx_word' id='word_1_82' title='bbox 562 1637 739 1698; x_wconf 79' lang='lat' dir='ltr'><strong>Atricillae</strong></span> <span class='ocrx_word' id='word_1_83' title='bbox 767 1637 935 1699; x_wconf 84' lang='lat' dir='ltr'><strong>intestinis</strong></span> <span class='ocrx_word' id='word_1_84' title='bbox 958 1639 1014 1699; x_wconf 81' lang='lat' dir='ltr'><strong>ob·</strong></span> 
     </span>
     <span class='ocr_line' id='line_1_15' title="bbox 58 1724 1011 1818; baseline 0.006 -23"><span class='ocrx_word' id='word_1_85' title='bbox 58 1724 153 1798; x_wconf 89' lang='lat' dir='ltr'><strong>latum</strong></span> <span class='ocrx_word' id='word_1_86' title='bbox 174 1738 292 1798; x_wconf 87' lang='lat' dir='ltr'><strong>colore</strong></span> <span class='ocrx_word' id='word_1_87' title='bbox 321 1739 420 1817; x_wconf 85' lang='lat' dir='ltr'><strong>partis</strong></span> <span class='ocrx_word' id='word_1_88' title='bbox 443 1735 618 1798; x_wconf 86' lang='lat' dir='ltr'><strong>anterioris</strong></span> <span class='ocrx_word' id='word_1_89' title='bbox 645 1751 677 1797; x_wconf 81' lang='lat' dir='ltr'><strong>et</strong></span> <span class='ocrx_word' id='word_1_90' title='bbox 699 1738 898 1818; x_wconf 88' lang='lat' dir='ltr'><strong>posterioris</strong></span> <span class='ocrx_word' id='word_1_91' title='bbox 922 1741 1011 1816; x_wconf 85' lang='lat' dir='ltr'><strong>albo,</strong></span> 
     </span>
     <span class='ocr_line' id='line_1_16' title="bbox 57 1837 1010 1904; baseline 0.003 -3"><span class='ocrx_word' id='word_1_92' title='bbox 57 1838 185 1901; x_wconf 80' lang='lat' dir='ltr'><strong>mediae</strong></span> <span class='ocrx_word' id='word_1_93' title='bbox 209 1840 364 1900; x_wconf 88' lang='lat' dir='ltr'><strong>brunneo</strong></span> <span class='ocrx_word' id='word_1_94' title='bbox 391 1837 564 1901; x_wconf 85' lang='lat' dir='ltr'><strong>convenit.</strong></span> <span class='ocrx_word' id='word_1_95' title='bbox 616 1840 712 1901; x_wconf 82' lang='lat' dir='ltr'><strong>Haec</strong></span> <span class='ocrx_word' id='word_1_96' title='bbox 733 1851 856 1902; x_wconf 70' lang='lat' dir='ltr'><strong>autem&#39;</strong></span> <span class='ocrx_word' id='word_1_97' title='bbox 870 1845 946 1902; x_wconf 89' lang='lat' dir='ltr'><strong>ovis</strong></span> <span class='ocrx_word' id='word_1_98' title='bbox 960 1863 1010 1904; x_wconf 89' lang='lat' dir='ltr'><strong>re-</strong></span> 
     </span>
     <span class='ocr_line' id='line_1_17' title="bbox 57 1931 1080 2027; baseline 0.005 -26"><span class='ocrx_word' id='word_1_99' title='bbox 57 1931 137 2019; x_wconf 80' lang='lat' dir='ltr'><strong>pleta</strong></span> <span class='ocrx_word' id='word_1_100' title='bbox 170 1955 251 2005; x_wconf 77' lang='lat' dir='ltr'><strong>erat.</strong></span> <span class='ocrx_word' id='word_1_101' title='bbox 293 1943 404 2027; x_wconf 9' lang='lat' dir='ltr'><strong>*Caput</strong></span> <span class='ocrx_word' id='word_1_102' title='bbox 431 1941 619 2020; x_wconf 79' lang='lat' dir='ltr'><strong>oblongum</strong></span> <span class='ocrx_word' id='word_1_103' title='bbox 657 1941 745 2000; x_wconf 88' lang='lat' dir='ltr'><strong>lobis</strong></span> <span class='ocrx_word' id='word_1_104' title='bbox 783 1943 1007 2006; x_wconf 80' lang='lat' dir='ltr'><strong>anterioribus</strong></span> <span class='ocrx_word' id='word_1_105' title='bbox 1076 1935 1080 1940; x_wconf 39' lang='lat'>⁶</span> 
     </span>
     <span class='ocr_line' id='line_1_18' title="bbox 57 2040 1008 2134; baseline -0.003 -33"><span class='ocrx_word' id='word_1_106' title='bbox 57 2041 215 2124; x_wconf 86' lang='lat' dir='ltr'><strong>oblongis,</strong></span> <span class='ocrx_word' id='word_1_107' title='bbox 239 2063 281 2103; x_wconf 89' lang='lat' dir='ltr'><strong>an</strong></span> <span class='ocrx_word' id='word_1_108' title='bbox 304 2040 498 2121; x_wconf 84' lang='lat' dir='ltr'><strong>integrum?</strong></span> <span class='ocrx_word' id='word_1_109' title='bbox 527 2043 622 2104; x_wconf 85' lang='lat' dir='ltr'><strong>Turn</strong></span> <span class='ocrx_word' id='word_1_110' title='bbox 644 2043 757 2103; x_wconf 79' lang='lat' dir='ltr'><strong>forsan</strong></span> <span class='ocrx_word' id='word_1_111' title='bbox 780 2045 909 2134; x_wconf 76' lang='lat' dir='ltr'><strong>species</strong></span> <span class='ocrx_word' id='word_1_112' title='bbox 932 2067 1008 2127; x_wconf 86' lang='lat' dir='ltr'><strong>pro.</strong></span> 
     </span>
     <span class='ocr_line' id='line_1_19' title="bbox 55 2142 1006 2229; baseline 0.004 -22"><span class='ocrx_word' id='word_1_113' title='bbox 55 2146 118 2224; x_wconf 83' lang='lat' dir='ltr'><strong>pria</strong></span> <span class='ocrx_word' id='word_1_114' title='bbox 139 2146 245 2217; x_wconf 87' lang='lat' dir='ltr'><strong>foret,</strong></span> <span class='ocrx_word' id='word_1_115' title='bbox 275 2163 387 2221; x_wconf 83' lang='lat' dir='ltr'><strong>neque</strong></span> <span class='ocrx_word' id='word_1_116' title='bbox 411 2142 546 2207; x_wconf 91' lang='lat' dir='ltr'><strong>lobulos</strong></span> <span class='ocrx_word' id='word_1_117' title='bbox 573 2145 739 2229; x_wconf 80' lang='lat' dir='ltr'><strong>oblongos</strong></span> <span class='ocrx_word' id='word_1_118' title='bbox 762 2148 901 2210; x_wconf 82' lang='lat' dir='ltr'><strong>obtusos</strong></span> <span class='ocrx_word' id='word_1_119' title='bbox 922 2150 1006 2214; x_wconf 88' lang='lat' dir='ltr'><strong>lace-</strong></span> 
     </span>
     <span class='ocr_line' id='line_1_20' title="bbox 52 2244 641 2325; baseline 0.003 -20"><span class='ocrx_word' id='word_1_120' title='bbox 52 2247 176 2310; x_wconf 81' lang='lat' dir='ltr'><strong>ratione</strong></span> <span class='ocrx_word' id='word_1_121' title='bbox 201 2244 280 2307; x_wconf 90' lang='lat' dir='ltr'><strong>oriri</strong></span> <span class='ocrx_word' id='word_1_122' title='bbox 303 2262 404 2325; x_wconf 87' lang='lat' dir='ltr'><strong>posse</strong></span> <span class='ocrx_word' id='word_1_123' title='bbox 427 2245 641 2314; x_wconf 77' lang='lat' dir='ltr'><strong>crediderim,</strong></span> 
     </span>
    </p>

    <p class='ocr_par' dir='ltr' id='par_1_5' title="bbox 41 2346 1079 2846">
     <span class='ocr_line' id='line_1_21' title="bbox 155 2346 1005 2432; baseline 0.004 -20"><span class='ocrx_word' id='word_1_124' title='bbox 155 2350 235 2413; x_wconf 86' lang='lat' dir='ltr'><strong>Obs.</strong></span> <span class='ocrx_word' id='word_1_125' title='bbox 254 2366 286 2411; x_wconf 76' lang='lat'><strong>2.</strong></span> <span class='ocrx_word' id='word_1_126' title='bbox 302 2349 458 2407; x_wconf 87' lang='lat' dir='ltr'><strong>Entozoa</strong></span> <span class='ocrx_word' id='word_1_127' title='bbox 484 2346 629 2427; x_wconf 88' lang='lat' dir='ltr'><strong>primum</strong></span> <span class='ocrx_word' id='word_1_128' title='bbox 642 2349 737 2414; x_wconf 84' lang='lat' dir='ltr'><strong>facile</strong></span> <span class='ocrx_word' id='word_1_129' title='bbox 761 2352 892 2432; x_wconf 87' lang='lat' dir='ltr'><strong>fallunt,</strong></span> <span class='ocrx_word' id='word_1_130' title='bbox 917 2373 1005 2432; x_wconf 82' lang='lat' dir='ltr'><strong>quae</strong></span> 
     </span>
     <span class='ocr_line' id='line_1_22' title="bbox 46 2449 1079 2533; baseline 0 -16"><span class='ocrx_word' id='word_1_131' title='bbox 46 2471 102 2533; x_wconf 87' lang='lat' dir='ltr'><strong>pro</strong></span> <span class='ocrx_word' id='word_1_132' title='bbox 133 2473 231 2514; x_wconf 78' lang='lat' dir='ltr'><strong>novo</strong></span> <span class='ocrx_word' id='word_1_133' title='bbox 268 2469 396 2532; x_wconf 85' lang='lat' dir='ltr'><strong>genere</strong></span> <span class='ocrx_word' id='word_1_134' title='bbox 426 2449 735 2533; x_wconf 83' lang='lat' dir='ltr'><strong>Acanthocephalis</strong></span> <span class='ocrx_word' id='word_1_135' title='bbox 767 2455 859 2515; x_wconf 90' lang='lat' dir='ltr'><strong>alfini</strong></span> <span class='ocrx_word' id='word_1_136' title='bbox 885 2453 1004 2517; x_wconf 84' lang='lat' dir='ltr'><strong>haberi</strong></span> <span class='ocrx_word' id='word_1_137' title='bbox 1075 2502 1079 2508; x_wconf 84' lang='lat'>.</span> 
     </span>
     <span class='ocr_line' id='line_1_23' title="bbox 44 2550 1001 2636; baseline 0.002 -19"><span class='ocrx_word' id='word_1_138' title='bbox 44 2570 191 2636; x_wconf 80' lang='lat' dir='ltr'><strong>possent.</strong></span> <span class='ocrx_word' id='word_1_139' title='bbox 235 2553 357 2633; x_wconf 85' lang='lat' dir='ltr'><strong>Longa</strong></span> <span class='ocrx_word' id='word_1_140' title='bbox 387 2550 478 2612; x_wconf 89' lang='lat' dir='ltr'><strong>enim</strong></span> <span class='ocrx_word' id='word_1_141' title='bbox 506 2567 583 2612; x_wconf 88' lang='lat' dir='ltr'><strong>sunt</strong></span> <span class='ocrx_word' id='word_1_142' title='bbox 614 2568 647 2616; x_wconf 91' lang='lat' dir='ltr'><strong>et</strong></span> <span class='ocrx_word' id='word_1_143' title='bbox 675 2555 808 2636; x_wconf 79' lang='lat' dir='ltr'><strong>gracilia</strong></span> <span class='ocrx_word' id='word_1_144' title='bbox 840 2571 911 2619; x_wconf 90' lang='lat' dir='ltr'><strong>eta</strong></span> <span class='ocrx_word' id='word_1_145' title='bbox 940 2556 1001 2619; x_wconf 89' lang='lat' dir='ltr'><strong>filo</strong></span> 
     </span>
     <span class='ocr_line' id='line_1_24' title="bbox 41 2652 1001 2745; baseline -0.003 -24"><span class='ocrx_word' id='word_1_146' title='bbox 41 2653 259 2745; x_wconf 85' lang='lat' dir='ltr'><strong>longiusculo</strong></span> <span class='ocrx_word' id='word_1_147' title='bbox 295 2653 426 2717; x_wconf 86' lang='lat' dir='ltr'><strong>tunicae</strong></span> <span class='ocrx_word' id='word_1_148' title='bbox 462 2652 614 2715; x_wconf 87' lang='lat' dir='ltr'><strong>internae</strong></span> <span class='ocrx_word' id='word_1_149' title='bbox 650 2659 883 2720; x_wconf 88' lang='lat' dir='ltr'><strong>intestinorum</strong></span> <span class='ocrx_word' id='word_1_150' title='bbox 921 2676 1001 2736; x_wconf 86' lang='lat' dir='ltr'><strong>peu-</strong></span> 
     </span>
     <span class='ocr_line' id='line_1_25' title="bbox 41 2751 997 2846; baseline -0.005 -24"><span class='ocrx_word' id='word_1_151' title='bbox 41 2762 131 2836; x_wconf 88' lang='lat' dir='ltr'><strong>dent,</strong></span> <span class='ocrx_word' id='word_1_152' title='bbox 159 2759 253 2840; x_wconf 90' lang='lat' dir='ltr'><strong>quod</strong></span> <span class='ocrx_word' id='word_1_153' title='bbox 275 2751 489 2832; x_wconf 87' lang='lat' dir='ltr'><strong>microscopii</strong></span> <span class='ocrx_word' id='word_1_154' title='bbox 513 2774 578 2833; x_wconf 91' lang='lat' dir='ltr'><strong>ope</strong></span> <span class='ocrx_word' id='word_1_155' title='bbox 603 2757 829 2846; x_wconf 67' lang='lat' dir='ltr'><strong>examinatum</strong></span> <span class='ocrx_word' id='word_1_156' title='bbox 851 2756 898 2818; x_wconf 91' lang='lat' dir='ltr'><strong>nil</strong></span> <span class='ocrx_word' id='word_1_157' title='bbox 931 2752 997 2817; x_wconf 86' lang='lat' dir='ltr'><strong>nisi</strong></span> 
     </span>
    </p>

    <p class='ocr_par' dir='ltr' id='par_1_6' title="bbox 37 2860 998 3040">
     <span class='ocr_line' id='line_1_26' title="bbox 38 2860 998 2939; baseline -0.003 -14"><span class='ocrx_word' id='word_1_158' title='bbox 38 2863 172 2924; x_wconf 87' lang='lat' dir='ltr'><strong>tunicae</strong></span> <span class='ocrx_word' id='word_1_159' title='bbox 204 2861 346 2939; x_wconf 85' lang='lat' dir='ltr'><strong>villosae</strong></span> <span class='ocrx_word' id='word_1_160' title='bbox 376 2869 503 2936; x_wconf 85' lang='lat' dir='ltr'><strong>partem</strong></span> <span class='ocrx_word' id='word_1_161' title='bbox 535 2864 734 2936; x_wconf 85' lang='lat' dir='ltr'><strong>protractam</strong></span> <span class='ocrx_word' id='word_1_162' title='bbox 762 2873 795 2922; x_wconf 92' lang='lat' dir='ltr'><strong>et</strong></span> <span class='ocrx_word' id='word_1_163' title='bbox 821 2860 998 2922; x_wconf 81' lang='lat' dir='ltr'><strong>laceratam</strong></span> 
     </span>
     <span class='ocr_line' id='line_1_27' title="bbox 37 2943 620 3040; baseline -0.009 -13"><span class='ocrx_word' id='word_1_164' title='bbox 37 2943 134 3027; x_wconf 77' lang='lat' dir='ltr'><strong>sistit.</strong></span> <span class='ocrx_word' id='word_1_165' title='bbox 180 2963 280 3026; x_wconf 88' lang='lat' dir='ltr'><strong>Conf.</strong></span> <span class='ocrx_word' id='word_1_166' title='bbox 309 2957 459 3040; x_wconf 86' lang='lat' dir='ltr'><strong>speciem</strong></span> <span class='ocrx_word' id='word_1_167' title='bbox 481 2957 620 3022; x_wconf 83' lang='lat' dir='ltr'><strong>tertiam.</strong></span> 
     </span>
    </p>
   </div>
   <div class='ocr_carea' id='block_1_2' title="bbox 87 3102 811 3212">
    <p class='ocr_par' dir='ltr' id='par_1_7' title="bbox 87 3102 811 3212">
     <span class='ocr_line' id='line_1_28' title="bbox 87 3102 811 3212; baseline 0.004 -25"><span class='ocrx_word' id='word_1_168' title='bbox 87 3138 122 3190; x_wconf 80' lang='lat'><strong>2.</strong></span> <span class='ocrx_word' id='word_1_169' title='bbox 149 3118 409 3212; x_wconf 80' lang='lat' dir='ltr'><strong>Amphistoma</strong></span> <span class='ocrx_word' id='word_1_170' title='bbox 434 3139 582 3208; x_wconf 86' lang='lat' dir='ltr'><strong>serpens</strong></span> <span class='ocrx_word' id='word_1_171' title='bbox 609 3122 654 3191; x_wconf 81' lang='lat' dir='ltr'><strong>R.</strong></span> <span class='ocrx_word' id='word_1_172' title='bbox 688 3102 724 3190; x_wconf 78' lang='lat' dir='ltr'><strong>rt.</strong></span> <span class='ocrx_word' id='word_1_173' title='bbox 757 3142 811 3212; x_wconf 81' lang='lat' dir='ltr'><strong>sp.</strong></span> 
     </span>
    </p>
   </div>
   <div class='ocr_carea' id='block_1_3' title="bbox 28 3243 1011 3741">
    <p class='ocr_par' dir='ltr' id='par_1_8' title="bbox 28 3243 1011 3741">
     <span class='ocr_line' id='line_1_29' title="bbox 145 3243 995 3328; baseline -0.005 -16"><span class='ocrx_word' id='word_1_174' title='bbox 145 3249 388 3312; x_wconf 79' lang='lat' dir='ltr'><strong>Cel.N1rzsca</strong></span> <span class='ocrx_word' id='word_1_175' title='bbox 409 3269 469 3328; x_wconf 85' lang='lat' dir='ltr'><strong>pro</strong></span> <span class='ocrx_word' id='word_1_176' title='bbox 494 3267 554 3310; x_wconf 88' lang='lat' dir='ltr'><strong>sua</strong></span> <span class='ocrx_word' id='word_1_177' title='bbox 583 3248 620 3310; x_wconf 90' lang='lat' dir='ltr'><strong>in</strong></span> <span class='ocrx_word' id='word_1_178' title='bbox 648 3269 702 3310; x_wconf 86' lang='lat' dir='ltr'><strong>tne</strong></span> <span class='ocrx_word' id='word_1_179' title='bbox 733 3243 875 3310; x_wconf 86' lang='lat' dir='ltr'><strong>amicitia</strong></span> <span class='ocrx_word' id='word_1_180' title='bbox 896 3243 995 3328; x_wconf 85' lang='lat' dir='ltr'><strong>speci-</strong></span> 
     </span>
     <span class='ocr_line' id='line_1_30' title="bbox 32 3345 1011 3432; baseline -0.004 -18"><span class='ocrx_word' id='word_1_181' title='bbox 32 3349 131 3414; x_wconf 85' lang='lat' dir='ltr'><strong>mina</strong></span> <span class='ocrx_word' id='word_1_182' title='bbox 168 3353 237 3412; x_wconf 83' lang='lat' dir='ltr'><strong>duo</strong></span> <span class='ocrx_word' id='word_1_183' title='bbox 265 3349 510 3415; x_wconf 83' lang='lat' dir='ltr'><strong>Holostomatis</strong></span> <span class='ocrx_word' id='word_1_184' title='bbox 534 3352 697 3432; x_wconf 85' lang='lat' dir='ltr'><strong>serpentis</strong></span> <span class='ocrx_word' id='word_1_185' title='bbox 721 3350 784 3411; x_wconf 87' lang='lat' dir='ltr'><strong>sibi</strong></span> <span class='ocrx_word' id='word_1_186' title='bbox 820 3349 897 3409; x_wconf 92' lang='lat' dir='ltr'><strong>dicti</strong></span> <span class='ocrx_word' id='word_1_187' title='bbox 934 3345 1011 3410; x_wconf 80' lang='lat' dir='ltr'><strong>mi·¹</strong></span> 
     </span>
     <span class='ocr_line' id='line_1_31' title="bbox 32 3449 992 3535; baseline -0.004 -19"><span class='ocrx_word' id='word_1_188' title='bbox 32 3453 73 3516; x_wconf 83' lang='lat' dir='ltr'><strong>sit</strong></span> <span class='ocrx_word' id='word_1_189' title='bbox 105 3453 145 3514; x_wconf 91' lang='lat' dir='ltr'><strong>in</strong></span> <span class='ocrx_word' id='word_1_190' title='bbox 184 3451 347 3514; x_wconf 75' lang='lat' dir='ltr'><strong>intestinis</strong></span> <span class='ocrx_word' id='word_1_191' title='bbox 390 3454 534 3514; x_wconf 78' lang='lat' dir='ltr'><strong>Falconis</strong></span> <span class='ocrx_word' id='word_1_192' title='bbox 564 3449 719 3514; x_wconf 58' lang='lat' dir='ltr'><strong>Halitre&#39;tr&#39;</strong></span> <span class='ocrx_word' id='word_1_193' title='bbox 756 3450 940 3535; x_wconf 83' lang='lat' dir='ltr'><strong>Septembri</strong></span> <span class='ocrx_word' id='word_1_194' title='bbox 972 3463 992 3512; x_wconf 66' lang='lat' dir='ltr'><strong>a</strong></span> 
     </span>
     <span class='ocr_line' id='line_1_32' title="bbox 32 3550 1010 3640; baseline -0.005 -21"><span class='ocrx_word' id='word_1_195' title='bbox 32 3578 68 3619; x_wconf 85' lang='lat' dir='ltr'><strong>se</strong></span> <span class='ocrx_word' id='word_1_196' title='bbox 87 3568 239 3637; x_wconf 82' lang='lat' dir='ltr'><strong>reperta,</strong></span> <span class='ocrx_word' id='word_1_197' title='bbox 277 3556 416 3616; x_wconf 87' lang='lat' dir='ltr'><strong>alterum</strong></span> <span class='ocrx_word' id='word_1_198' title='bbox 438 3574 515 3632; x_wconf 84' lang='lat' dir='ltr'><strong>sex,</strong></span> <span class='ocrx_word' id='word_1_199' title='bbox 562 3559 703 3620; x_wconf 86' lang='lat' dir='ltr'><strong>alterum</strong></span> <span class='ocrx_word' id='word_1_200' title='bbox 725 3569 854 3635; x_wconf 87' lang='lat' dir='ltr'><strong>septem</strong></span> <span class='ocrx_word' id='word_1_201' title='bbox 883 3550 1010 3640; x_wconf 65' lang='lat' dir='ltr'><strong>lineas,</strong></span> 
     </span>
     <span class='ocr_line' id='line_1_33' title="bbox 28 3658 145 3741; baseline -0.009 -19"><span class='ocrx_word' id='word_1_202' title='bbox 28 3658 145 3741; x_wconf 75' lang='lat' dir='ltr'><strong>longa.</strong></span> 
     </span>
    </p>
   </div>
   <div class='ocr_carea' id='block_1_4' title="bbox 33 3774 989 4042">
    <p class='ocr_par' dir='ltr' id='par_1_9' title="bbox 33 3774 989 4042">
     <span class='ocr_line' id='line_1_34' title="bbox 120 3774 989 3861; baseline 0.001 -23"><span class='ocrx_word' id='word_1_203' title='bbox 120 3774 276 3860; x_wconf 72' lang='lat' dir='ltr'><strong>⁴Species</strong></span> <span class='ocrx_word' id='word_1_204' title='bbox 299 3774 511 3856; x_wconf 84' lang='lat' dir='ltr'><strong>praecedenti</strong></span> <span class='ocrx_word' id='word_1_205' title='bbox 530 3777 699 3861; x_wconf 85' lang='lat' dir='ltr'><strong>proxima,</strong></span> <span class='ocrx_word' id='word_1_206' title='bbox 733 3775 794 3840; x_wconf 88' lang='lat' dir='ltr'><strong>sed</strong></span> <span class='ocrx_word' id='word_1_207' title='bbox 825 3775 989 3854; x_wconf 79' lang='lat' dir='ltr'><strong>distincta,</strong></span> 
     </span>
     <span class='ocr_line' id='line_1_35' title="bbox 33 3876 892 3968; baseline -0.005 -22"><span class='ocrx_word' id='word_1_208' title='bbox 33 3898 137 3968; x_wconf 77' lang='lat' dir='ltr'><strong>quam</strong></span> <span class='ocrx_word' id='word_1_209' title='bbox 157 3882 213 3946; x_wconf 84' lang='lat' dir='ltr'><strong>vir</strong></span> <span class='ocrx_word' id='word_1_210' title='bbox 235 3877 387 3963; x_wconf 83' lang='lat' dir='ltr'><strong>egregius</strong></span> <span class='ocrx_word' id='word_1_211' title='bbox 408 3878 458 3943; x_wconf 84' lang='lat' dir='ltr'><strong>bis</strong></span> <span class='ocrx_word' id='word_1_212' title='bbox 482 3884 603 3967; x_wconf 83' lang='lat' dir='ltr'><strong>copula</strong></span> <span class='ocrx_word' id='word_1_213' title='bbox 621 3885 772 3964; x_wconf 84' lang='lat' dir='ltr'><strong>junctam</strong></span> <span class='ocrx_word' id='word_1_214' title='bbox 793 3876 892 3949; x_wconf 79' lang='lat' dir='ltr'><strong>vidit.</strong></span> 
     </span>
     <span class='ocr_line' id='line_1_36' title="bbox 698 3981 727 4042; baseline 0 0"><span class='ocrx_word' id='word_1_215' title='bbox 698 3981 727 4042; x_wconf 88' lang='lat' dir='ltr'>Z</span> 
     </span>
    </p>
   </div>
   <div class='ocr_carea' id='block_1_5' title="bbox 0 0 1235 4478">
    <p class='ocr_par' dir='ltr' id='par_1_10' title="bbox 0 0 1235 4478">
     <span class='ocr_line' id='line_1_37' title="bbox 0 0 1235 4478; baseline 0 0"><span class='ocrx_word' id='word_1_216' title='bbox 0 0 1235 4478; x_wconf 95' lang='lat' dir='ltr'><strong> </strong></span> 
     </span>
    </p>
   </div>
  </div>
 </body>
</html>
