2452 4478
392 268 671 351 -577-

49 420 221 487 nientium
239 419 406 498 tantillum
429 418 644 504 ampliatum
655 425 748 511 sistit.
792 431 1006 516 Plerumque

53 544 117 592 vas
138 525 231 587 istud
254 537 500 600 transversum,
524 527 575 590 uti
593 539 640 591 et·
647 530 785 594 later'ale
799 532 885 594 illud
905 534 1007 599 utrin-

52 650 124 710 que
147 626 236 706 inter
258 625 396 689 nutritis
419 628 546 709 majora
569 627 653 691 disci
676 645 711 694 et
731 633 870 717 ovi'gera
892 636 1009 719 margi·
1058 675 1059 678 =

52 732 108 794 nis
131 730 333 807 decurrens,
363 731 446 796 alba¹
466 742 499 792 et
521 731 679 793 decolora
698 734 798 811 ἐἰιιιι,
836 739 894 799 sed
918 741 1008 800 vasis

52 833 215 916 marginis
238 834 339 893 fuscis
368 832 427 893 illa
451 851 519 911 pro
550 835 667 896 nervis
696 833 808 899 habita
831 856 939 918 aeque
960 826 1009 901 fu-

53 957 111 1000 sca
132 933 262 1000 reddita
285 932 401 996 video.
445 934 530 997 Sunt
552 933 635 998 mihi
655 936 843 1027 specimina,
859 938 1009 1020 quorum

53 1053 139 1102 vasa
157 1035 218 1097 ista
241 1024 390 1095 colorem
417 1034 509 1096 hunc
541 1037 789 1120 nigrescentem
814 1038 858 1103 in
888 1042 1009 1122 spiritu

56 1136 136 1205 vini
158 1150 410 1215 conservarunt,
434 1156 502 1217 quo
529 1139 570 1200 de
588 1140 731 1223 gangliis
753 1155 786 1201 et
805 1141 921 1205 nervis
933 1132 1011 1209 cel·

55 1234 126 1302 viri
153 1235 335 1300 certissime
364 1238 516 1318 judicare
557 1243 666 1303 valeo.
723 1238 877 1304 Varistae
907 1242 1009 1306 eti'air'i

55 1337 148 1402 illa
138 1352 228 1401 mter
247 1339 405 1416 occurrit,
434 1341 491 1402 ubi
513 1361 573 1403 vas
596 1357 825 1405 transversum
847 1345 980 1409 altero
969 1346 1008 1408 ιιι

54 1444 161 1507 latere
184 1444 309 1524 duplex
332 1454 391 1516 est,
416 1456 451 1504 et
471 1443 573 1508 nervi
594 1444 641 1508 sic
663 1442 741 1555 dicti
754 1443 840 1508 rami
855 1447 1007 1579 pulcheri

54 1544 142 1608 rime
164 1546 285 1626 repleti
302 1556 391 1604 sunt.
992 1569 995 1577 ·

162 1645 440 1726 Amphistomatis
468 1650 573 1714 conici
601 1661 635 1713 et
661 1607 878 1734 subtriquetri
897 1661 1007 1714 anato-

54 1767 142 1813 men
168 1746 395 1823 instituendo,
430 1751 619 1815 sollicite
609 1773 647 1814 ιιι
681 1773 807 1813 nervos
834 1752 1007 1833 inquisivi,

58 1846 122 1913 sed
144 1849 258 1910 nullos
287 1846 411 1929 reperi,
447 1872 559 1932 neque
587 1853 647 1913 cel.
674 1851 840 1926 Bornuus,
877 1855 936 1933 qui
956 1853 1007 1923 A.

58 1949 322 2030 subtriquetrum
344 1951 482 2013 cultello
513 1951 585 2013 sub
572 1951 665 2031 Jecit,
703 1966 735 2013 et
763 1970 849 2033 quae
870 1957 1005 2037 reperit,

54 2054 239 2137 benevole
261 2072 393 2114 mecum
414 2051 686 2131 communicavit,
708 2074 893 2117 nervorum
912 2076 1008 2122 men·

42 2151 299 2237 1ιιιιιιειιιιιιιιιιι.
343 2154 553 2217 Monostoma
574 2155 762 2229 cezznicolle,
789 2177 873 2221 vere
894 2159 1006 2242 gigan

57 2267 167 2332 teum,
197 2259 227 2318 si
247 2253 374 2338 species
398 2257 514 2318 affines
533 2275 717 2336 comparas,
743 2257 904 2338 cujusque
926 2276 1008 2325 vasa·

56 2358 143 2421 Tab.
167 2376 196 2420 2.
218 2359 292 2444 Fig.
317 2373 407 2436 1-4,
431 2358 594 2420 delineata
623 2356 718 2429 dedi,
754 2376 939 2424 nervorum
960 2356 1010 2439 ne

56 2457 239 2525 minimum
261 2461 399 2542 quidem
419 2458 598 2541 vestigium
621 2458 726 2519 offert.

166 2561 196 2639 ᾗ.
220 2574 250 2636 4
298 2560 751 2626 Pentastoma'tistaenioidis
773 2560 942 2647 ginglium
957 2584 1009 2630 ce·
1100 2570 1104 2578 “

56 2665 192 2729 rebrale
214 2677 247 2726 et
270 2666 326 2728 fila
350 2666 418 2728 duo
447 2683 573 2727 nervea
600 2661 686 2726 inter
716 2666 828 2723 omnia
851 2666 1007 2728 Entozoa

58 2753 189 2849 optime
199 2766 356 2848 conspici,
372 2766 418 2833 ιιι.
427 2768 560 2830 Cnvmrr
573 2765 709 2846 (Regne
723 2766 889 2855 animalT.
898 2762 956 2828 IV
959 2787 1007 2848 .p.

55 2880 112 2948 35.
135 2880 205 2928 not.
224 2869 267 2943 ι.)
290 2883 403 2931 auctor
423 2882 484 2946 est,
513 2887 638 2947 neque,
662 2859 690 2926 ἐι
712 2863 785 2929 veri
800 2865 898 2927 nervi
920 2864 1012 2946 sunt,-

10 2948 13 2963 '
55 2988 120 3035 eos
148 2968 305 3033 facillime
336 2975 396 3032 sub
427 2971 543 3032 oculos
580 2969 712 3039 cadere,
744 2966 858 3050 negari
887 2978 1008 3050 potest.

54 3074 106 3138 In
128 3085 272 3151 utroque
294 3071 417 3134 scilicet
445 3069 633 3132 abdominis
662 3071 780 3142 latere,
816 3071 938 3134 ovariis
960 3082 1016 3134 ιιι·

55 3173 203 3253 clinatis,
226 3191 351 3235 nervus
375 3173 530 3234 Gnvrrno
554 3173 670 3245 dictus,
694 3174 798 3248 albus,
822 3169 970 3250 linearis,
990 3190 1010 3234 a

52 3273 263 3346 fibriscutis
292 3275 535 3337 muscularibus
572 3272 881 3363 longitudinalibus⁴
910 3268 1011 3337 facile

56 3362 337 3460 distinguendus,
361 3375 580 3458 conspicitur,
609 3374 668 3454 qui
695 3387 880 3458 perimam
902 3371 1018 3457 longi-¹

53 3479 216 3546 tudinem
236 3479 379 3542 decurrit
410 3492 443 3541 et
467 3494 585 3540 versus
615 3497 650 3539 os
673 3482 830 3558 utrinque
852 3477 916 3538 filis
938 3479 1010 3538 lori·

52 3585 110 3673 gis
133 3587 223 3646 coire
244 3580 326 3642 mihi
347 3580 439 3642 visus
465 3592 526 3643 est.
570 3580 664 3640 Haec
694 3593 805 3642 tamen
827 3576 938 3641 forsan
963 3578 1015 3642 oli

52 3684 253 3771 speciminis
271 3683 382 3747 minus
410 3685 498 3746 bene
521 3680 642 3743 servari
663 3680 817 3745 indolem
836 3700 907 3742 non
924 3676 1014 3743 ιιιιι

51 3790 230 3875 ¹perspexi3
269 3785 325 3844 fila
348 3784 452 3866 enim,
485 3783 522 3845 in
544 3806 630 3867 quae
652 3799 778 3846 nervos
802 3764 878 3846 ilios
898 3779 1015 3844 aritice

50 3891 204 3970 coibant,
229 3904 385 3957 enervis
407 3885 518 3963 aliena,
538 3887 613 3969 visa
633 3901 728 3967 sunt,
752 3906 865 3976 neque
885 3884 1009 3973 gangis

700 3989 772 4069 Oe
