2408 4478
408 260 460 313 ..a
509 232 585 342 ⁴405
646 237 716 307 ‘2-

62 397 286 497 stata,'rarius
308 400 491 495 crenulata,
505 414 672 489 rarissime
696 417 822 501 absque
844 395 1034 488 creuilctu.

61 544 223 612 poreque
247 538 377 587 tantum
401 518 579 584 constricto
604 534 795 584 occurrunt.

186 624 342 710 Cor'po'rr'r
365 623 473 687 fornia
495 603 679 688 maxime
662 622 764 722 varia,
789 623 903 708 prouti
925 625 1031 692 cauda

63 723 342 810 appendiculam
350 724 406 791 aut
427 741 566 793 exserta
580 724 638 789 au't'
647 717 798 790 retracta
818 742 876 797 est
923 720 1030 825 Saepe

63 828 320 906 brevissimum,
346 845 379 893 et
402 833 607 893 subovatum
631 814 688 891 abt
710 830 822 910 ovale,
845 828 907 892 vel
926 824 1028 915 posti·-

65 948 122 997 ee
133 947 321 996 truncatum
345 933 403 997 vel
416 932 515 994 etiam
530 931 741 1018 perforatum
759 914 905 1003 videtur,
922 928 1029 997 cautla

63 1050 185 1098 autem
204 1030 325 1099 emissa
346 1033 404 1096 iila
427 1032 554 1117 species
587 1035 728 1100 deletur.
777 1033 960 1114 Cingulum,
984 1019 1029 1093 de

62 1146 149 1215 'quo
164 1137 199 1197 in
211 1134 462 1218 Entoaoologia
485 1139 549 1218 egi,
564 1137 692 1219 passim
712 1134 810 1215 quale
827 1133 956 1200 ibidem
970 1133 1028 1198 de·¹

55 1238 233 1300 «lineatum
257 1236 378 1311 dedi,
368 1254 405 1297 m
428 1254 647 1318 conspectum
670 1235 777 1300 venit.

69 1338 92 1393 .'.
176 1341 265 1402 rora
289 1338 469 1421 globosi,
461 1355 614 1422 apertura
637 1333 836 1410 orbiculari}
863 1334 1026 1401 oanlroltb

62 1442 253 1523 generatim
275 1445 387 1504 ontlco
411 1443 516 1522 duplo
540 1441 646 1521 major
670 1454 730 1504 est.

175 1546 279 1626 Saepe
313 1565 375 1605 vas
411 1545 541 1614 dorsale
566 1546 702 1606 fuscum
731 1539 908 1610 exhibetur
929 1559 1025 1631 ppne

60 1669 190 1730 porum
213 1642 616 1721 anticumtransve‘rsale,
639 1641 719 1705 dein
741 1641 905 1705 reflexum
927 1639 1026 1703 utrin-

27 1780 33 1785 ·
57 1769 135 1831 ,quc
158 1751 344 1831 posteriora
365 1767 488 1811 versus
508 1748 707 1821 decurrens,
729 1749 904 1811 interdum
921 1744 1024 1806 solito

55 1853 174 1935 latius.
218 1853 310 1926 Vasa
333 1851 518 1933 posteriora
541 1849 758 1915 cincinnata..

122 2006 125 2011 .
174 1953 431 2034 speciminibus,
462 1972 546 2032 quae
579 1951 615 2014 in
639 1951 831 2017 ventriculo
856 1950 1024 2032 ophidio·

57 2077 133 2117 rum
157 2055 366 2116 barbatorum
390 2053 511 2135 reperi,
528 2053 722 2137 Corpusculo
734 2057 896 2135 ‚oblonga
915 2070 1020 2133 opaca

59 2170 176 2233 erant,
205 2156 314 2235 qualia
344 2154 462 2230 ceteris
489 2157 740 2227 Distornatibus
767 2154 919 2239 vulgaria
946 2171 1022 2217 esse

56 2262 189 2339 solean
207 2261 284 2323 alias
305 2278 377 2335 ¹non
400 2254 482 2319 vidi.
532 2261 610 2321 Ova
629 2279 803 2338 nunquam
827 2253 1020 2329 observavi,

58 2360 153 2425 conf.
177 2359 326 2439 speciem
348 2357 593 2438 insequentem.
642 2360 775 2423 Gr'rrum
799 2358 1017 2421 solummodo

56 2461 99 2522 in
125 2461 366 2542 speciminibus
383 2459 523 2533 offendi,
538 2481 624 2539 quae
640 2463 863 2524 Pleuroneclcr
878 2461 1019 2523 maxiani

54 2561 215 2630 Arimini
236 2577 332 2625 extus
356 2559 659 2634 sibiadhaerentia
691 2564 902 2636 obtuleruut,
946 2561 1016 2623 bre·

56 2685 155 2740 uem,
176 2677 314 2740 rectum,
337 2662 426 2727 inter
447 2683 549 2743 poros
573 2665 641 2728 fere
663 2666 822 2730 medium.

41 2831 43 2834 ,
162 2766 240 2829 obs.
256 2785 283 2828 1.
307 2765 591 2847 Entoaoologiam
611 2768 745 2831 edendo
772 2767 926 2845 Clupeam
943 2762 1018 2827 Ala·

52 2892 130 2936 som
151 2869 350 2939 Rhenanam
373 2865 532 2932 amarina
555 2891 731 2951 perperam
755 2868 900 2947 distinxi,
923 2867 1017 2928 ideo·
1070 2932 1075 2942 ,

54 2993 128 3054 quc
150 2972 306 3052 Distoma
328 2973 363 3035 in
380 2969 440 3034 illa
461 2973 500 3032 ab
516 2971 718 3039 Hermanno
741 2984 908 3054 repertum
920 2989 1014 3050 prae·

50 3089 109 3163 ter
132 3073 365 3142 necessitatem-
384 3070 549 3154 separavi,
591 3075 747 3142 Eandem
769 3071 913 3137 omnino
937 3072 1012 3135 Alo·

49 3178 127 3245 ,iam
148 3173 183 3241 in
204 3175 380 3238 Adriatico
405 3196 506 3255 quam
527 3176 563 3256 in
587 3175 728 3256 Baltico,
752 3190 785 3243 et
806 3174 843 3238 in
867 3188 1011 3253 utraque

50 3276 149 3357 idem
170 3277 330 3345 Distoma
347 3276 472 3358 reperi,
505 3275 613 3357 quid?¹
650 3279 744 3359 quod
771 3274 891 3344 Larius
917 3277 1011 3338 lacus

49 3373 162 3466 ipsam
185 3380 306 3461 pariter
327 3381 445 3442 fovere
468 3380 615 3448 videtur.

170 3482 251 3544 obs.
274 3498 302 3542 2.
326 3480 414 3555 Raja
434 3482 567 3544 clavata
595 3483 689 3565 Majo
718 3502 836 3546 mense
857 3472 1028 3543 Arimini-

51 3603 75 3642 a
105 3582 325 3664 piscatoribus
354 3584 451 3644 allata
483 3597 550 3660 est,
584 3586 679 3666 cujus
714 3585 814 3645 dorso
845 3576 1010 3647 undecim

48 3683 157 3762 hujus
189 3683 386 3750 Distomatis
424 3683 611 3768 specimina
638 3686 876 3764 inhaeserunt,
912 3683 1008 3757 cuius

50 3806 140 3853 vero
164 3790 262 3851 tubus
287 3785 429 3853 cibarius
452 3790 604 3856 entozois
627 3787 762 3870 penitus
792 3790 912 3862 caruit3
936 3787 1010 3851 lor·

48 3906 114 3952 san
136 3888 208 3950 aliis
223 3887 376 3971 'piscibus
410 3887 448 3952 in
467 3889 596 3974 piscina
623 3891 677 3954 illi
704 3890 869 3981 impositis
896 3892 1009 3954 Disto·
