2452 4478
553 264 839 358 33'4'0235

225 429 379 504 cimina
368 454 567 519 rnnumera,
600 445 696 503 'certe
729 441 816 502 ultra
850 437 966 521 mille,
1003 431 1178 527 Gryphia'e

222 533 426 647 Novembri
439 528 559 604 me'ns'e
577 535 705 625 ieperi,
728 544 881 605 arenulas
904 545 1116 610 mentientia.

280 608 470 717 Albida,
489 637 585 726 parte
608 643 720 706 media
741 644 933 728 fluvitante,
966 648 1078 711 forme
1099 654 1178 714 mo'x

225 750 383 837 globosa,
419 766 501 807 mox
521 744 708 826 pyriforrni,
730 749 865 812 Ιίιιεὰέ
863 752 993 814 tertiam
1016 772 1093 834 qua
1088 751 1177 816 ‘tim-

225 870 271 920 νε
293 866 418 935 purtem
443 848 615 910 diametris
638 847 844 932 attingentis.

283 941 294 957 ⁰
333 946 459 1032 Co'r'pus
478 944 684 1031 plerumque
704 955 927 1030 eontractum,
954 957 1099 1036 'tumque
1120 940 1177 1019 vel

225 1057 480 1139 subglobosum,
502 1053 559 1114 vel
576 1058 733 1126 ovatum}
755 1069 809 1115 aut
832 1057 908 1136 plus
932 1057 1045 1118 minus
1068 1072 1177 1122 exten·

226 1179 312 1238 sum,
328 1163 471 1236 'tumque
495 1151 696 1234 abdomine,
719 1157 776 1216 vel
800 1155 910 1236 etiam,
929 1162 1034 1220 rarius
1056 1170 1175 1234 tamen,

227 1267 328 1327 dorso
353 1250 680 1337 maxime'gibburn,
708 1254 925 1323 extremitaie
952 1262 1011 1323 bel
1038 1253 1176 1341 utraip'ue

226 1360 414 1433 ¹tel-nntius
441 1358 661 1421 'soluinm'odo
689 1357 868 1424 'altenua‘tu
915 1365 1021 1427 Porus
1049 1368 1176 1437 onticu's

226 1469 363 1539 inferus,
385 1461 619 1541 subglobo‘sus,
642 1463 762 1525 eadem
783 1463 923 1526 omnino
948 1464 1059 1543 fojrma
1079 1472 1175 1547 ‘quani

227 1563 426 1635 Distomatis
449 1560 590 1645 gibbosi,
611 1552 736 1628 Entoz.
762 1568 844 1631 Tab.
866 1568 933 1630 VI.
957 1554 1032 1649 Fig.
1058 1581 1088 1641 8.
1122 1556 1176 1633 Pb

228 1680 283 1739 ms
306 1666 465 1733 neutralis·
483 1664 626 1740 distans,
649 1664 772 1746 major,
801 1670 914 1731 v'arius
939 1670 1032 1732 'visui
1054 1667 1176 1732 exhibi-

229 1789 301 1846 tus3
331 1789 433 1850 saepe
455 1766 584 1856 ventris
607 1767 728 1830 tumidi
752 1784 940 1834 extremum
959 1756 1106 1837 inferius
1130 1760 1176 1839 ex·

228 1885 395 1940 cavatum.

272 1968 454 2039 Pone
452 1993 621 2070 porum
595 1971 746 2053 anticum
767 1982 936 2056 processus
964 1979 1048 2038 in'oit
1070 1956 1178 2042 brevi

229 2052 280 2179 or,
300 2099 381 2139 mox
402 2075 555 2163 longior,
583 2046 656 2137 taio
687 2091 798 2138 tamen
828 2076 1107 2158 inconspectum
1130 2097 1178 2142 ve·

228 2164 289 2256 nit,
311 2166 550 2281 speciminibus
573 2166 726 2261 plurimis
748 2176 898 2242 mortuis
944 2179 1029 2241 Cirrr‘
1051 2181 1177 2242 vicibus

229 2274 304 2345 sine
315 2270 428 2343 dubio
452 2280 618 2362 fungitur,
651 2295 682 2342 at
705 2261 943 2341 crassiusculus
973 2294 1006 2344 et
1036 2269 1178 2364 lo'rtgitu·

229 2380 385 2463 dinaliter
407 2371 546 2445 striatus'
567 2404 584 2444 a
609 2383 713 2459 forma
740 2373 871 2460 'vulgari
902 2383 1041 2449 recedit.
1094 2386 1179 2449 Vasa

230 2483 383 2550 distincta
405 2505 476 2548 non
499 2484 581 2558 vidi,
608 2486 667 2546 sed
690 2484 825 2566 corpus'
840 2482 953 2545 ovulis
984 2484 1177 2566 majusculis

229 2582 383 2671 ellipticis
418 2585 561 2648 farctum
600 2587 678 2663 fuit,
722 2608 809 2667 quae
849 2572 949 2666 'si'epe
986 2584 1175 2663 maximnm,

229 2690 331 2756 etiam
363 2689 569 2752 anteriorem
601 2702 726 2770 partem
762 2688 906 2769 replent.
954 2688 1079 2751 Rarius
1108 2711 1179 2752 ova·

228 2792 279 2857 ria
314 2811 419 2860 vacua
458 2786 603 2865 maculas
645 2789 832 2872 'pellucidas
871 2791 1014 2873 majores
1054 2781 1179 2855 obtule·

227 2909 318 2964 runt.

334 2992 516 3074 Distomati
539 2992 682 3091 gibboso
704 3015 741 3080 lt,
764 3027 814 3094 71.
829 2994 943 3090 eiiine,
967 2995 1118 3094 'speciem
1136 3014 1175 3076 12².

226 3134 307 3179 men
327 3112 499 3196 propriam
520 3110 613 3174 sistit.

227 3300 231 3305 ·
277 3284 338 3356 82.
360 3269 529 3341 Distonut
554 3275 772 3340 exornatum
797 3260 844 3345 il.

312 3396 514 3487 Differenlia
535 3398 689 3482 specifica
711 3398 747 3462 in
769 3397 925 3484 Syllbpsi,
946 3402 987 3465 ab
1007 3390 1179 3484 illaquam

225 3504 262 3565 in
288 3495 369 3566 Ent.
397 3502 504 3564 Il.'‘'r.
542 3510 574 3584 p'.
605 3516 678 3580 399.
701 3522 737 3568 ιι.
765 3514 816 3577 4ο.
840 3504 936 3582 dedi,
966 3524 1010 3568 eo
1039 3504 1174 3577 recedit.

225 3607 319 3687 quod
342 3617 472 3686 partem
495 3604 699 3669 anteriorem
713 3604 849 3680 collum,
873 3606 1100 3687 posteriorem
1113 3620 1176 3668 'cor-

223 3727 289 3788 pus
313 3708 392 3782 dixi,
416 3723 493 3768 cum
515 3705 553 3768 ln
565 3704 817 3790 Entozoologia
838 3708 931 3772 illam
948 3714 1084 3791 corpus,
1098 3707 1177 3770 hanc

224 3809 366 3904 eandam
392 3807 589 3873 vocaverim
645 3809 725 3870 Pars
747 3812 834 3873 inter'
862 3832 965 3895 poros
988 3799 1175 3874 obveniens

224 3926 351 3991 autem,
369 3899 594 3998 longitudinis
616 3909 750 3977 'ratione
782 3914 878 3977 nulla
898 3911 1024 3993 habita,
1048 3917 1175 3995 'semper
