2408 4478
544 1149 715 1250 Ordo
775 1156 835 1252 V,

406 1415 999 1561 Cystic-a,
1079 1422 1101 1513 .'

328 1713 466 1777 Genera
487 1713 554 1776 huc
574 1711 729 1778 facientia
750 1709 921 1794 plurimis
947 1711 1083 1796 quidem
1099 1712 1145 1776 notit

222 1817 265 1881 ad
287 1818 469 1882 Cestoidea
489 1814 606 1879 referri
634 1827 791 1898 possunt,
824 1815 956 1879 vesica
988 1832 1094 1882 tamen
1112 1838 1147 1879 cu

224 1919 293 1991 (lali
315 1933 348 1983 et
370 1918 518 1982 vivendi·
534 1921 666 1982 ratione
687 1915 787 1986 nimis
811 1917 856 1982 ab
883 1917 942 1982 his
966 1919 1098 2000 distant,
1112 1940 1146 2002 qu

221 2018 338 2084 minus
359 2020 521 2103 conjungi
540 2018 681 2102 possint.
697 2016 923 2101 Cysticercus
945 2020 1148 2087 fasciolaritu

116 2206 120 2210 ι
224 2120 290 2197 sica
311 2124 442 2193 caudali
464 2127 603 2205 abrupta
624 2145 685 2206 pro
707 2120 842 2189 Taenia
875 2122 1047 2188 facillime
1067 2126 1149 2208 impoti

225 2237 354 2305 potest,
383 2240 417 2286 et
444 2229 610 2287 tantillum
632 2229 757 2304 aberat,
796 2228 1002 2302 quominus
1037 2224 1149 2310 ipsenl'
1179 2242 1183 2253 ·

226 2326 410 2407 specimine
433 2324 469 2388 in
491 2328 693 2392 collectione
707 2323 914 2388 Brasiliensi
933 2329 1151 2395 occurrenteir

146 2448 148 2453 ·
228 2428 347 2488 ductus
372 2430 528 2502 suisse1n3
558 2430 668 2492 diflert
690 2443 799 2490 tamen
824 2429 1083 2516 essentialiter,
1110 2450 1151 2495 nu

226 2529 357 2591 articuli
379 2552 451 2598 non
480 2518 705 2605 evolvuntur,
739 2549 860 2608 neque
893 2553 1061 2616 unquam
1084 2531 1152 2597 orarit

226 2633 285 2694 vel
306 2632 487 2694 lemniscos
517 2636 553 2694 in
582 2634 702 2696 iisdem
732 2626 1024 2701 observavimus.
1072 2637 1153 2700 Ealer

227 2734 401 2813 Coenuro,
426 2735 580 2816 egregius
604 2736 721 2809 adhuc,
741 2735 860 2814 quoad
883 2737 1043 2819 figuram
1062 2743 1153 2822 probat·

227 2847 290 2897 tur.
336 2836 450 2916 Hujus
469 2834 561 2899 enim
583 2836 768 2911 vermiculi,
780 2835 933 2898 Taeniis
957 2841 1110 2922 proximi,
1125 2834 1154 2900 tot'

226 2937 353 3001 inverti
382 2954 533 3019 possunt,
570 2940 661 3020 quod
695 2937 762 3002 illis
797 2937 995 3003 articulatis
1030 2958 1155 3024 ntutquu

228 3038 411 3120 continget.
454 3040 564 3104 Hisce
588 3055 700 3105 tamen
730 3041 919 3107 Character
945 3036 1112 3109 Omnibus
1127 3045 1156 3122 Cr

227 3138 317 3200 sticis
342 3143 401 3202 vix
423 3142 610 3205 communis
634 3159 700 3225 est,
731 3145 773 3207 de
799 3147 1011 3226 Cysticerco
1036 3141 1155 3213 fasciola

130 3223 133 3234 ⁴
227 3243 355 3322 saltem,
378 3264 465 3305 num
475 3243 600 3308 inverti
615 3246 731 3328 possit,
746 3247 874 3309 merito
891 3240 1082 3318 dubitatur.
1101 3242 1157 3314 Echi

227 3364 396 3408 nococcus
419 3345 491 3408 fere
513 3347 598 3408 nihil
621 3348 687 3409 nisi
709 3347 868 3414 Taeniae
895 3369 1007 3437 caput
1028 3354 1113 3420 sistit.

294 3495 300 3500 .
332 3448 473 3512 Praeter
493 3446 571 3510 illos
600 3449 930 3536 in.Entozoologia
963 3457 1056 3521 varii
1072 3465 1159 3520 vernt!

227 3541 392 3609 Aliorum
420 3548 613 3613 auctoritate
652 3555 740 3616 male
776 3555 820 3615 ad
858 3558 1081 3640 Cysticercos
1103 3549 1161 3618 reltt'

228 3659 315 3720 sunt,
340 3649 400 3728 qui
422 3654 480 3714 vel
503 3651 544 3712 ad
555 3653 872 3736 Triaenophorum‚
895 3665 963 3738 vel
989 3664 1035 3727 ad
1055 3654 1162 3725 uouit

225 3746 394 3827 cephalos,
416 3755 474 3815 vel
489 3755 530 3815 ad
542 3757 686 3818 Taenias
706 3759 899 3839 pertinent,
925 3765 1056 3848 hisque
1072 3765 1104 3825 in
1115 3761 1161 3840 Syr

223 3847 299 3928 opsi
320 3870 414 3914 nunc
438 3855 562 3929 redditi
590 3872 678 3923 sunt.
728 3861 789 3932 ΙΙΙ.
817 3877 950 3939 autem
986 3872 1113 3936 Crvrrr
1130 3876 1163 3922 ro
