2408 4478
226 266 624 403 'mm-

10 458 71 536 ui,
94 460 218 542 vagina*
241 469 369 521 tanturn
391 460 489 540 penis
512 460 641 523 laterali
663 459 801 527 visibili.
842 461 957 531 cauda

10 560 146 630 'eminae
164 559 394 623 obtusiuscula
416 562 585 642 depressa.

45 699 87 779 6.
114 701 327 798 Spi‘roptern
353 702 446 773 alata
471 694 514 772 P..

36 856 42 907 j
104 833 185 897 Ent.
208 816 259 893 ΪῘ.
285 832 312 896 '1.
336 852 368 912 p.
395 842 466 909 189.
487 848 522 895 n.
545 809 599 910 51.ι
620 830 759 895 Ascaris
781 830 958 919 sagittata.
1050 872 1052 877 ·

108 935 221 1021 Quam
245 955 307 995 am.
331 935 454 996 Brenn
475 933 513 997 in
534 935 659 997 Ardeae
692 939 806 1015 nigrae
838 933 964 998 intesti·
1071 919 1084 939 ‘
1105 932 1123 953 ⁸

10 1035 51 1102 tis
77 1058 97 1100 a
119 1057 154 1098 se
172 1043 338 1118 'cepenam
359 1035 458 1110 misit,
480 1036 560 1099 dein
583 1056 723 1117 quoque
744 1037 963 1100 aBnnMsrrto

10 1137 117 1222 ‚ccepi
141 1136 230 1201 inter
252 1122 344 1200 Avis
376 1135 483 1200 dictae
519 1140 648 1202 tunicas
682 1137 865 1207 ventriculi
905 1143 964 1202 ob-

10 1241 106 1317 tiam,
129 1238 196 1301 huc
219 1225 337 1322 utique
360 1232 548 1303 facientem.

114 1342 222 1426 Caput
245 1357 278 1404 et
300 1339 434 1417 collum,
479 1342 554 1405 sive
576 1339 685 1405 antica
706 1341 856 1425 corporis
879 1363 965 1424 pars,

10 1448 100 1521 tlata,
124 1438 318 1507 membrana
340 1443 446 1518 tenui,
469 1443 638 1506 interdum
658 1446 786 1527 poetice
805 1459 967 1521 exstante,

10 1569 73 1630 pua
96 1546 154 1608 illa
173 1565 248 1628 pars
273 1545 421 1628 sagittata
435 1545 603 1620 redditur3
625 1568 757 1628 semper
777 1561 887 1609 autem
901 1547 969 1610 hoc

10 1669 82 1713 non
112 1648 295 1732 contingit,
338 1648 484 1730 ideoque
521 1651 666 1730 speciem
700 1653 820 1713 alatam
856 1649 970 1716 dicere

10 1754 165 1837 praetuli.
236 1751 368 1832 Corpus
402 1767 589 1814 antrorsum
617 1751 723 1835 tnagis
751 1766 970 1849 attenuatum.

10 1855 125 1919 Gauda
147 1852 324 1934 utriusque
348 1873 450 1917 sexus
472 1857 643 1937 depressa,
685 1857 787 1918 maris
817 1870 883 1919 tres
906 1860 970 1938 spi·
1000 1935 1006 1943 ι

10 1965 60 2022 t'as
84 1956 254 2028 efficiens,
299 1959 494 2019 membrana
521 1956 686 2020 latissima
702 1960 761 2020 ad
759 1957 897 2041 apicem
920 1977 972 2020 us·

10 2080 79 2143 que
111 2075 262 2126 extensa.
327 2059 440 2123 Gauda
469 2052 622 2148 feminae
658 2060 751 2144 apice
787 2060 888 2127 brevi
915 2063 981 2127 de·

10 2182 130 2247 presso
155 2163 256 2228 alato

14 2270 19 2276 ’
122 2265 258 2329 Obsr1.
303 2258 448 2330 Generis
483 2266 649 2331 character
678 2268 825 2332 acauda
855 2281 974 2351 peten

10 2370 78 2436 duc
101 2369 189 2433 hac
185 2366 296 2451 specie
320 2369 447 2453 optime
469 2368 661 2433 innotescit.
715 2416 717 2421 -

25 2510 28 2517 ·
123 2479 211 2555 Obt.
231 2484 261 2550 2.
274 2489 465 2553 Fnoz'nr'c'rt
485 2491 496 2565 (
503 2479 765 2553 Naturiors'cher
784 2490 830 2555 St.
840 2488 976 2559 XXIX.

12 2615 51 2679 p.
70 2604 129 2671 45.
148 2612 184 2653 n.
205 2606 258 2656 20.
280 2588 368 2660 Tab.
387 2598 417 2658 '1.
452 2591 526 2676 Fig.
548 2602 580 2672 9.
605 2603 653 2658 t'o.
696 2588 899 2658 Ascuridem
931 2604 978 2655 te·
1005 2607 1008 2614 '

14 2695 218 2761 nuissimam
239 2704 384 2775 quatuor
403 2685 512 2759 lineas
525 2691 663 2778 longam
685 2696 879 2768 describit,
870 2713 907 2754 tn
928 2692 978 2756 iu·

13 2800 149 2863 testinis
172 2798 289 2858 crassis
311 2796 439 2860 Ardeae
469 2788 614 2861 cinereae·
633 2807 808 2890 repentem,
846 2793 979 2875 sibique

16 2911 94 2970 Asc.
114 2900 290 2984 parvulam
312 2899 464 2998 dictam,
473 2920 574 2980 quam
595 2889 663 2960 huc
684 2899 853 2981 pertinere
875 2897 982 2959 credi·

18 3005 149 3080 decim,
193 3001 274 3065 licet
312 2994 428 3101 capitis
451 3003 646 3081 caudaeque
665 3002 733 3062 alas
755 3020 828 3061 non
850 2998 982 3061 referat.

20 3103 204 3204 Quidqurd
227 3117 340 3166 autem
373 3105 431 3177 sit,
475 3123 559 3166 num
593 3093 713 3166 erdem
734 3114 849 3164 utrum
871 3095 982 3163 affinis
1015 3094 1019 3105 “

21 3213 154 3297 species
177 3208 314 3288 dicatur,
337 3195 518 3288 descriptio
538 3218 571 3270 et
585 3196 721 3301 ligure
712 3202 863 3269 mtestini
891 3215 984 3266 certe

19 3311 169 3400 pessima
191 3321 257 3385 est,
297 3328 412 3390 neque
447 3309 513 3370 ho'c
534 3308 639 3370 ullo
630 3329 666 3370 tn
688 3297 920 3370 Nematoideo
937 3303 986 3366 di·

21 3412 157 3481 viditur
180 3425 214 3475 et
237 3411 367 3494 duplex
388 3401 544 3488 decurrit.
589 3411 649 3475 sed
685 3428 819 3490 semper
840 3406 987 3489 simplex

22 3528 156 3589 manet.
200 3515 301 3578 Conf.
324 3519 396 3583 obs.
419 3516 461 3578 ad
483 3515 633 3597 speciem
656 3510 865 3594 vigesimam.
972 3497 975 3504 ’

79 3690 117 3770 7.
142 3637 354 3771 Spirnptera
378 3672 598 3749 leticaudata
619 3674 664 3742 R.
690 3693 727 3738 n.
754 3680 808 3764 sp.
864 3772 880 3791 α

137 3840 236 3903 Inter
260 3817 378 3903 otidis
412 3841 557 3902 Tetracr's
578 3836 707 3898 tunicas
737 3817 921 3901 uentriculi
943 3847 991 3889 re·

27 3954 130 4028 perte
151 3943 354 4010 nunnitus
376 3941 448 4008 duo
479 3935 577 4013 misit,
603 3933 805 4019 specimina,
850 3934 994 3998 alterum
1089 4002 1092 4008 ¹
