2452 4478
475 209 762 305 *⁶⁶7-

138 435 141 441 .
184 426 201 461 .·
247 372 407 460 Speciem
429 377 466 443 in
499 374 669 444 intestinisv
701 377 929 465 crocoptagae
954 389 1022 451 Ani
1041 390 1094 450 >ab

135 497 204 545 am.
231 479 367 543 Onasus
395 495 562 563 repertam
588 485 613 545 l.
637 503 664 545 c.
688 479 849 566 descripsi
880 499 913 549 et
938 507 1034 571 pone
1060 511 1094 554 n.

139 599 193 662 13¹·
216 582 410 666 Syuopseos
433 583 554 646 melius
579 582 771 648 enumerari
792 583 902 649 retuli.

227 686 401 770 ‘Eandem‘
427 685 689 767 postmoduma
717 684 938 752 Narranano*
958 685 995 752 in
1017 695 1096 758 Cro·
1127 723 1128 727 ¹

135 787 285 872 tophaga
308 788 397 850 dicto
425 789 507 851 Ioco·
526 805 693 873 repertam
721 790 850 874 accepi;
888 792 1001 857 vesica
1024 817 1096 860 cau·

136 891 224 954 dalis
245 877 288 956 ‘et
315 892 370 953 his
405 913 493 955 vero
520 910 554 958 et
573 893 832 976 insequentibus
853 895 1096 963 Nattererianis

99 1057 105 1074 „
136 994 246 1072 deest,
268 1009 306 1058 ut
327 994 466 1058 ocreas·
485 998 669 1079 specimina
696 1016 757 1057 sua
780 995 850 1058 alio
870 1010 1024 1082 tempore·
1043 1000 1097 1065 in.

134 1095 278 1162 venisse
298 1097 466 1165 videatur.
491 1168 493 1171 ,
873 1176 876 1183 Α

143 1237 146 1241 -
247 1201 442 1264 Narratur·
463 1195 648 1284 specimina
669 1197 759 1266 misit
780 1200 816 1264 in
836 1197 1005 1267 intestinis
1022 1203 1096 1271 rat

122 1297 429 1380 1coui'sAlbt‘collir
457 1327 476 1366 a
498 1323 535 1367 se
555 1304 592 1366 in
618 1305 759 1368 Brasilia
780 1318 933 1387 repertae
974 1320 1008 1370 et
1031 1298 1098 1383 oc,

137 1422 222 1469 raas
244 1406 444 1482 consimilia,
466 1404 503 1468 in
527 1410 677 1473 Falconis
704 1430 741 1473 n,
767 1425 799 1476 Ι.
823 1407 993 1481 intestinis
1014 1429 1097 1474 cras-

138 1506 188 1570 sis
208 1507 400 1574 Novembri
418 1508 554 1573 sibimet
580 1513 694 1578 obvia.

141 1656 145 1663 ·
249 1627 402 1696 Unicum
426 1631 525 1695 etiarn
548 1627 721 1712 specimen·
748 1642 879 1710 septem
899 1625 1008 1694 lineas
1025 1632 1098 1694 lon-

139 1728 235 1816 gum,
258 1730 371 1795 vesica
393 1732 524 1795 caudali
545 1727 763 1805 instructum,
793 1751 868 1792 curn
895 1733 1097 1815 praeceden-

139 1834 233 1897 tibus
255 1829 398 1896 omnino·
419 1833 513 1899 idern
536 1834 672 1901 Onasus
701 1835 882 1896 transmisit
908 1832 946 1897 in
974 1833 1098 1898 intesti·

138 1931 196 2001 nis
219 1935 334 1999 crassis
360 1936 475 2011 cuculi
494 1954 530 2003 u.
544 1939 577 2000 Ι,
592 1936 785 2002 Novembri
806 1955 928 2001 mense
948 1958 967 1999 a·
989 1957 1026 2003 se
1048 1956 1097 2002 re·

140 2051 288 2122 pertun.

255 2153 333 2222 obs.
355 2149 430 2218 Nisi
452 2150 579 2239 species
601 2154 661 2220 ista
685 2153 927 2223 distinctissime
947 2153 1099 2240 ideoque

142 2260 283 2345 cognitu
304 2259 460 2323 facillima
480 2261 583 2333 foret,
612 2264 760 2325 eandem
789 2261 825 2324 in
846 2252 967 2324 avibus
988 2280 1098 2342 aeque

142 2361 289 2428 (liversis
311 2379 489 2427 occurrere
513 2361 569 2426 vix
590 2363 793 2427 admitteres

197 2559 258 2644 54.
283 2550 618 2672 Echinorhynohus
644 2549 817 2627 caudatus
844 2556 942 2631 zan.

188 2699 332 2786 Synops.
352 2722 383 2783 p.
406 2711 457 2779 50.
479 2723 514 2765 n.
537 2717 589 2781 29.
610 2702 764 2788 Mautiss.
785 2724 820 2784 p.
842 2713 917 2780 323.
1096 2783 1099 2788 ι

235 2804 452 2868 'Bneuseaus
492 2801 680 2887 specimina
713 2805 842 2888 aliquot
872 2797 1052 2868 transmisit
1078 2824 1099 2868 a
1125 2824 1132 2847 t

139 2902 361 2972 Ntrrennno
385 2902 422 2968 in
442 2902 608 2972 intestinis
637 2909 788 2974 Falconis
809 2909 1041 2988 magatroscn's
1060 2903 1098 2969 in

140 2990 287 3075 lirasilia
309 3023 447 3090 reperta,
461 3025 522 3071 sex
543 3024 667 3074 octove
680 3006 785 3077 lineas
808 3012 921 3092 longa,
942 3003 1098 3101 collapsa,

141 3113 335 3188 constricta,
358 3111 504 3174 Taenias
528 3107 737 3178 mentientia.

251 3229 390 3295 Nullius
411 3232 584 3312 probosct‘s
608 3229 754 3314 integra,
781 3224 842 3295 sed
864 3229 1011 3292 duorum
1032 3242 1108 3293 tan-⁴

141 3348 219 3401 turn
242 3338 315 3418 ejus
336 3334 496 3419 particula
518 3344 657 3408 exserta,
681 3332 808 3397 echinis
830 3329 1038 3396 tenuissimis
1056 3351 1101 3395 ar·

141 3449 245 3507 mata.
294 3437 422 3519 Corpus
449 3437 592 3511 lineare,
632 3435 755 3518 passim
786 3435 952 3499 anteriora
979 3451 1101 3500 versus

142 3537 264 3626 paullo
288 3540 444 3613 crassius,
469 3540 563 3621 apice
587 3539 716 3621 postico
737 3538 936 3618 rotundatu,
965 3541 1025 3606 vel
1047 3563 1101 3621 εις

146 3653 258 3709 trema
274 3659 367 3724 parte
390 3637 527 3704 inflexo.
1036 3639 1043 3651 ⁸

258 3760 473 3827 Proboscidis
502 3776 594 3842 parte
634 3771 764 3823 tantum
791 3753 881 3838 visa,
920 3757 964 3828 de
990 3760 1105 3850 specie¹

142 3879 223 3933 tlon
246 3865 388 3927 omnino
410 3877 520 3928 certus
542 3883 628 3931 sum.
