2452 4478
473 226 792 329 '-·595.·cx

131 393 227 480 quasi
248 391 358 478 plicae
381 389 841 470 tecminumsubrotundum,
862 394 1013 478 planum,
1031 410 1088 463 aut

133 501 316 563 scutellum
340 498 366 558 si
389 496 431 557 ita
454 496 569 567 dicere
591 495 710 557 mavis.

240 598 472 668 Differentiam
502 600 537 659 in
560 595 705 679 Synopsi
736 599 898 678 ponendo
932 600 975 664 de
997 600 1092 683 rugis.

133 705 270 767 locutus
294 696 475 780 sum,'ejus
498 720 582 764 vero
602 700 678 760 loco
692 701 798 781 plicae
821 699 988 777 dicantur3
1011 706 1089 770 den.

136 805 260 868 ticulos
282 802 364 865 cutis
387 790 570 884 suspicatus
594 821 679 880 sum,
700 802 814 863 nullos
836 816 947 868 tamen
969 807 1091 888 reperi.
1168 806 1176 815 '

246 908 429 968 Entozoon
458 903 493 966 in
525 902 646 984 spiritu
677 901 748 964 vini
776 904 881 968 debili
915 928 1089 976 conserva-

140 1023 212 1071 tum
227 1010 341 1084 molle,
364 1008 495 1078 colores
519 1020 631 1069 tamen
644 1026 717 1067 non
739 1005 888 1090 retinuit,
908 1011 969 1085 sed
982 1027 1089 1080 totum

140 1113 317 1174 cinereum
340 1124 398 1172 est.

250 1210 332 1274 Obs.
363 1226 390 1274 ι.
430 1211 555 1274 Iconea
580 1211 712 1272 Tuam
733 1213 811 1274 Enc
833 1214 884 1283 IL
909 1230 937 1279 1.
959 1238 992 1296 p.
1016 1231 1090 1297 391.

138 1333 176 1378 n.
198 1326 252 1390 33.
270 1310 484 1380 nitidissimas
498 1310 576 1384 dixi,
600 1313 659 1375 sed
676 1314 868 1382 verissimae
891 1316 989 1379 etiam
1002 1336 1089 1405 sunt,

140 1413 279 1494 alioque
302 1429 451 1495 temporc
474 1413 737 1482 cumBmcsmu
759 1417 915 1481 thesauro
937 1423 1090 1502 pulcher.
1174 1492 1177 1497 Ι

141 1515 228 1578 rimo
252 1517 379 1599 publici
395 1516 479 1598 juris
500 1517 593 1585 fient.
1155 1590 1157 1595 Ι

253 1619 335 1682 obs.
359 1637 389 1682 2.
419 1620 573 1679 Distoma
599 1611 840 1700 Gdryphaenae
867 1623 891 1684 1.
921 1645 948 1686 c.
971 1626 1091 1691 dubius

144 1723 306 1803 separavi,
326 1719 508 1802 specimina
522 1741 617 1796 vero,
641 1741 726 1801 quae
740 1724 780 1783 ab
796 1742 858 1782 am.
869 1723 1013 1805 Ocaans,
1029 1729 1092 1791 Na·

146 1835 422 1885 turaescrutatore
464 1822 588 1904 lynceo
631 1819 758 1902 accepi,
801 1821 839 1884 in
874 1824 1092 1906 Coryphaena

143 1925 302 2008 Equiceli
322 1936 463 2007 reperta,
485 1924 571 1984 infra
593 1921 822 1996 describenda,
843 1926 1025 2006 plurimum
1047 1931 1093 1992 di·

146 2041 254 2104 ctant,
277 2027 369 2107 quod
391 2025 492 2088 etiam
521 2026 562 2086 de
591 2024 749 2086 omnibus
771 2026 1017 2093 Distomatibus
1042 2054 1094 2094 va·

144 2128 202 2205 let,
224 2127 260 2190 in
272 2127 437 2192 Scombris
453 2129 623 2200 Scombro,
645 2126 750 2202 Golia,
774 2142 807 2195 et
830 2131 980 2195 trachu'ro
1003 2156 1094 2200 ame

146 2233 308 2312 repertis,
330 2231 416 2294 infra
437 2226 659 2311 exponendis.

260 2334 337 2396 obs.
360 2349 392 2412 3.
436 2329 639 2414 Synonymis
672 2331 836 2394 addantur
856 2335 1093 2402 Bnnanmnnn

145 2429 185 2500 it·
211 2451 239 2500 1.
267 2456 300 2517 p.
327 2437 378 2511 46.
418 2436 475 2515 qui
503 2448 649 2496 nostram
676 2433 822 2515 speciem
849 2434 885 2496 in
913 2439 1094 2503 Pelamidic

148 2536 343 2600 ventriculo
367 2538 498 2622 reperit,
520 2550 552 2598 et
566 2538 674 2598 obiter
696 2536 866 2610 describit;
889 2552 921 2601 et
932 2540 1095 2620 Pcanqua

146 2639 249 2716 (Bibl.
271 2641 313 2704 de
335 2637 428 2703 Med.
451 2640 483 2699 T
513 2637 557 2697 X·
579 2658 613 2716 P·
634 2651 710 2714 993·
732 2639 928 2718 'sab-221.)
950 2642 1097 2707 ΓιΑιιειισ

148 2741 423 2808 observationem
445 2736 692 2807 transscribens.

202 2915 265 2992 71.
291 2900 459 2972 Distoma
483 2897 680 2998 gibbosum
703 2901 746 2968 n

256 3045 336 3109 Ent.
360 3051 409 3116 11.
436 3065 462 3113 ι.
483 3071 517 3135 p.
540 3061 612 3123 399.
633 3065 669 3110 11.
691 3059 742 3120 39.
764 3041 811 3106 D.
833 3041 1020 3122 gibbosum.

205 3191 209 3204 ·
254 3143 336 3215 Am.
357 3152 521 3217 Bannsan
543 3147 604 3213 tria
624 3143 807 3234 specimina
836 3141 928 3205 misit
951 3145 986 3209 in
1018 3147 1099 3212 inte.
1145 3193 1148 3198 .

149 3247 244 3315 stiriis
268 3253 383 3315 Esccis
407 3253 545 3316 Balanos
567 3264 713 3333 reperta,
736 3250 776 3311 ab
805 3244 886 3322 illo,
908 3250 1000 3327 quod
1021 3252 1046 3315 1.
1072 3273 1100 3317 c.

147 3355 230 3416 Tab.
260 3352 328 3416 VI.
361 3354 432 3437 Fig.
462 3365 491 3426 8.
521 3354 726 3418 delineatum
763 3347 853 3425 dedi,
888 3369 931 3411 eo
956 3351 1101 3430 diversa,

148 3457 245 3538 quod
269 3469 357 3520 totus
382 3471 497 3519 venter
524 3455 614 3521 haud
636 3451 842 3538 promineat,
879 3452 939 3515 sed
962 3466 1102 3521 tantum·

144 3559 256 3623 modo
281 3560 386 3640 porus
409 3557 580 3623 ventralis.
623 3556 719 3620 Illud
733 3552 922 3636 gravidum,
943 3555 1025 3620 haec
1042 3557 1103 3623 vir·

148 3661 252 3747 ginea
275 3661 445 3726 videntur.

160 3749 162 3751 ¹
231 3762 345 3838 Alba,
367 3776 460 3843 parte
482 3761 610 3846 postica
624 3760 844 3847 inanescente,
864 3758 923 3845 ubi
944 3759 1105 3827 nimirum

145 3868 254 3932 ovula
275 3866 397 3951 exigua
417 3864 565 3928 lateralia
579 3867 718 3931 collecta
739 3877 827 3951 cunc
858 3861 998 3949 Teretia
1015 3877 1107 3940 sunt,
