2408 4478
396 231 451 303 ’·-.·,
497 229 574 316 465
624 232 679 275 -·’

10 404 14 441 r
56 383 223 474 femineo,
244 383 392 467 Neapoli
411 385 505 475 Julio
529 406 660 463 mense,
680 405 794 465 omues
816 383 1012 470 praesertim
1034 384 1038 391 '

11 524 14 533 ·
56 493 185 553 caudae
208 489 332 553 horum
343 491 677 585 Tetraphynchorum
700 490 796 574 copia
816 487 1013 556 incredibili

10 613 13 652 t
55 609 219 677 scatentes
243 593 383 676 offendi.
620 576 622 581 ⁴

87 728 90 732 ·
167 693 321 758 Primum
344 697 492 788 singulos
511 696 669 779 hydatide
691 692 858 759 contineri
879 690 1012 776 species

56 811 177 883 exorta
198 811 265 885 est,
300 797 360 872 sed
382 819 486 880 aquae
515 799 712 883 commissos
736 800 958 871 convolutos,
981 808 1014 859 at

55 883 171 972 nudos
196 898 357 982 cognovi.
370 899 496 984 Albi,
520 903 690 988 contracti,
713 899 771 966 vix
792 899 919 962 lineam
939 899 1015 961 lon·

57 1004 105 1088 gi,
130 1017 251 1084 sponte
279 1023 364 1064 vero
392 1004 476 1063 ultra
504 1016 569 1064 tres
598 1002 704 1086 lineas
734 1004 1014 1093 extendebantur.
1101 1001 1104 1007 ’

43 1100 193 1187 'Corpus
223 1079 494 1178 teretiusculum,
523 1091 618 1166 vario
648 1068 757 1189 niodo
782 1106 1013 1180 constrictum,
1048 1156 1051 1160 Α
1078 1141 1092 1153 -

54 1222 151 1294 parte
174 1204 281 1268 antica
304 1224 521 1295 summopere
544 1207 677 1278 mobili,
701 1221 738 1267 ut
759 1205 906 1287 primum
935 1207 1012 1270 Sco

54 1297 168 1373 fecem
196 1307 315 1394 adesse
343 1307 554 1374 crediderim.
610 1310 768 1372 Tandem
796 1295 932 1410 plu-rimi
954 1312 1012 1372 bo·

54 1411 146 1474 thria
160 1410 228 1471 duo
246 1410 358 1472 ovalia
371 1408 565 1490 explicuere
578 1410 699 1472 vivido
720 1423 814 1491 motu
827 1411 1014 1493 agitatiuin·

53 1525 111 1576 ter
133 1532 219 1594 quae
240 1514 458 1593 proboscides
482 1526 634 1574 retractas
658 1527 695 1578 et
688 1512 837 1594 vaginis
860 1512 1013 1575 commis

55 1631 110 1707 sas
132 1627 220 1677 trans
244 1635 363 1696 corpus
387 1612 593 1698 diaphanum
615 1615 789 1694 pollucere
811 1613 896 1681 vidi
940 1617 1013 1678 Has

54 1702 167 1805 etiam
182 1729 326 1780 exsertas
350 1716 441 1796 dein,
462 1718 521 1780 sed
542 1716 708 1781 rarissime
734 1716 934 1795 observavi,
957 1739 1015 1786 ne·

53 1838 126 1898 que
148 1786 215 1898 ilia
234 1833 283 1897 est
306 1817 453 1900 species,
483 1817 577 1901 cujus
599 1821 819 1901 proboscides
847 1832 914 1881 tam
936 1824 1010 1884 rard

53 1921 265 1998 emittuntur.
308 1919 492 1984 Pressione
516 1941 599 1984 vero
621 1921 706 2003 ipsas
731 1943 936 2006 promovere
947 1924 1014 1986 fru-

41 2035 128 2088 ¹{tra
142 2034 296 2096 tentatur.
342 2024 453 2109 Caput
472 2037 619 2111 ceterur'n
644 2025 823 2106 exiguum,
847 2025 1016 2106 probosci·

39 2121 159 2184 ·dibus
188 2123 391 2186 verticillatis
424 2125 576 2192 brevius
637 2129 768 2208 Corpus
807 2129 1013 2210 elongatum,

53 2225 267 2306 depressum,
290 2228 418 2310 passim
440 2228 669 2302 constrictum,
691 2227 817 2310 papilla
840 2229 1013 2296 breviter·

10 2350 21 2363 ²
52 2326 233 2407 minatum

164 2429 385 2493 Postmodum
429 2428 608 2512 (Neapoli,
650 2431 767 2510 Julio)
811 2431 849 2494 in
896 2389 1016 2519 Squalc‘

61 2520 236 2608 Centrr'noe
272 2534 432 2597 musculis
466 2553 573 2614 prope
616 2532 825 2615 pharyngem
859 2535 929 2598 duo
968 2556 1015 2598 re-

54 2633 135 2719 peri
179 2635 366 2715 specimina
412 2633 573 2702 vesiculis
616 2632 876 2704 flavescentibus
911 2639 1018 2700 inclu-

60 2754 112 2799 sa.
169 2736 387 2802 Proboscr‘des
421 2752 579 2800 retractae
610 2745 674 2816 per
707 2737 834 2798 collum
870 2740 1017 2820 pelluce-

58 2840 154 2902 bant.
196 2840 342 2902 Bothria
369 2839 437 2900 duo
468 2838 591 2902 ovalia.
648 2837 776 2920 Corpus
808 2854 1017 2902 contractum

24 2939 27 2946 '
61 2944 268 3013 obovatum‚
298 2954 474 3010 extensum
495 2945 701 3022 oblongum,
736 2941 825 3005 colle
848 2938 1018 3004 tenuiore.
1077 2972 1079 2976 ·

11 3114 14 3119 ,
53 3041 221 3126 Alterum
244 3043 325 3103 duas
350 3041 473 3121 lineas,
508 3047 649 3119 alterum
680 3042 785 3125 capite
811 3063 885 3107 non
913 3038 1016 3124 expli·
1085 3051 1087 3054 ’

54 3159 133 3208 cato
153 3149 278 3208 lineam
301 3146 442 3225 longum
465 3161 547 3212 erat.
1064 3222 1068 3235 ‚

149 3247 312 3330 Augusto
335 3269 459 3326 mense
481 3249 610 3314 ibidem
627 3248 670 3311 ad
685 3244 872 3331 marginem
892 3242 1032 3328 pinnae,

54 3351 172 3433 Rajae
194 3353 427 3433 oxyrhynclrao
447 3350 644 3435 pectoralis,
679 3365 712 3416 et
742 3351 847 3414 latere
877 3347 1020 3429 quidem
1106 3353 1107 3356 ’

46 3451 234 3528 interiore,
256 3452 443 3515 vesiculam
461 3455 573 3536 reperi
594 3454 723 3534 aliquot
743 3452 848 3513 lineas
869 3452 1019 3532 longam,

56 3568 148 3615 trans
172 3570 281 3615 cutem
303 3555 549 3635 pellucent'em,
577 3575 644 3635 qua
674 3565 789 3634 aperta
812 3551 1017 3635 Tetrathyn·

56 3657 160 3716 chum
184 3656 345 3739 conspexi
368 3657 450 3719 duas
473 3680 551 3720 cum
573 3653 711 3718 dimidia
732 3653 839 3733 lineas
861 3656 1019 3736 longum,

54 3759 198 3823 bothriis
227 3761 593 3843 oblongo-rotundatis,
621 3759 711 3822 collo
737 3754 849 3834 tenui,
872 3775 1017 3840 corpore

56 3864 342 3947 ovato-oblongo,
375 3863 470 3949 apice
491 3860 623 3949 postico
644 3858 863 3953 acutiusculo.
