2408 4478
534 231 815 324 -526-

302 406 374 469 Cel.
398 398 451 464 vir
472 400 636 462 trahendo
667 400 831 481 quosdam
859 401 903 462 ab
926 395 1155 469 intestinore·

196 520 362 577 moverat,
386 504 444 568 sed
468 502 509 563 ita
534 503 677 583 quidem
692 501 1006 583 Echinorhynchos
1031 523 1076 564 ex
1097 501 1157 563 vln-

198 606 281 669 culis
302 609 446 669 liberare
474 626 545 665 non
576 605 694 685 potuit.
739 605 824 664 Tam
845 603 1038 685 'proboscis
1072 602 1156 679 enim

199 722 234 770 et
256 711 519 790 receptaculum,
560 716 657 786 quam
682 706 761 766 colli
782 703 883 767 etiam
907 705 1057 789 plurima
1092 725 1155 789 pars

200 803 289 872 inter
325 810 452 872 tunicas
490 808 639 872 intestini
673 807 880 869 anfractuose
916 810 1020 871 ducta
1048 810 1155 880 latent;

198 909 259 971 ubi
282 927 381 994 caput
399 913 499 974 situm
523 926 590 987 est,
625 910 713 971 fossa
735 911 830 989 quasi
850 910 939 973 inter
959 909 1091 975 tunicas
1111 931 1155 975 ex·
1175 956 1177 962 .

101 1090 103 1093 Ι
199 1027 319 1089 aratur,
340 1015 476 1078 materia
498 1032 655 1098 grumosa
679 1011 808 1073 referta.

305 1116 489 1197 specimina
511 1117 629 1177 adtrita
659 1125 724 1176 tres
756 1133 837 1175 curn
865 1110 1009 1177 dimidio
1042 1114 1084 1177 ad
1107 1133 1155 1177 tex

201 1213 345 1299 pollices
369 1220 481 1300 longa.
505 1218 587 1279 alba.
632 1215 809 1279 Proboscis
837 1218 872 1277 in
903 1218 1068 1279 omnibus
1097 1236 1154 1298 spe

205 1317 383 1381 ciminibus
413 1344 429 1382 a
455 1343 509 1383 me
534 1318 728 1382 examinatis
750 1301 907 1392 retracta,
953 1341 1072 1401 neque
1095 1320 1154 1381 ullo

204 1422 309 1483 modo
346 1423 579 1506 exprimenda,
614 1421 674 1482 sed
700 1423 949 1502 receptaculum
981 1422 1154 1486 incidendo

204 1516 299 1584 illam
324 1525 450 1587 offendi
479 1524 667 1594 inversam,
695 1520 819 1583 lineam
847 1524 923 1604 plus
955 1527 1073 1587 minus
1098 1525 1157 1586 lon·

205 1643 300 1705 gam,
330 1626 556 1707 cylindricant.
610 1624 760 1686 Musculi
790 1625 1002 1688 retrahentes
1034 1628 1156 1699 breves,

197 1714 292 1801 ,cir'ca
315 1746 401 1807 quos
425 1748 566 1809 corpora
597 1726 666 1788 duo
694 1725 841 1804 globulis
874 1727 993 1789 multis
1019 1742 1158 1791 constan

206 1820 269 1902 tia,
303 1847 417 1910 neque
439 1827 607 1906 lemnisci,
643 1830 757 1909 quales
779 1824 814 1888 in
836 1827 921 1890 Ech.
946 1828 1160 1913 Giganteos

206 1944 355 1996 currunt.
419 1931 669 2012 Receptaculnm
696 1916 1023 1995 infundibullforme
1056 1930 1160 2019 ‘antica

205 2026 277 2094 fere
301 2034 450 2113 planum,
474 2032 624 2116 margine
648 2034 783 2106 obtuso,
808 2032 889 2093 duas
913 2033 1025 2097 lineas
1051 2034 1161 2097 diame-

208 2141 260 2191 tro
300 2146 492 2205 transverso
531 2155 711 2217 superans,
741 2148 925 2197 retrorsum
960 2137 1162 2212 decrescens,

161 2274 165 2281 ·
207 2230 338 2296 lineam
365 2236 523 2318 longurn3
564 2259 639 2298 cum
667 2237 913 2320 Splachnorum
942 2259 979 2300 v.
1004 2231 1164 2301 cr'vascu·

211 2334 278 2396 losi
321 2339 379 2401 vel
434 2340 634 2420 ampullacei
685 2338 849 2422 apophysi
894 2341 1164 2422 comparandum.

214 2433 336 2500 Collum
357 2441 531 2514 fililorme‚
564 2441 622 2502 vix
645 2447 778 2504 tertiam
800 2442 911 2503 lineae
935 2456 1079 2521 partem
1101 2461 1165 2504 cras

212 2555 307 2614 sum,
342 2544 428 2603 ultra
455 2541 616 2623 pollicem
646 2544 799 2625 longum.
851 2540 976 2623 Corpus
1007 2545 1166 2608 anteriore

211 2654 305 2721 parte
327 2658 510 2704 retrorsum
533 2646 740 2722 increscens,
775 2643 854 2707 dein
883 2645 1041 2723 aequalis
1072 2649 1168 2709 crassi·

213 2738 274 2806 tiei
307 2741 451 2823 (circiter
482 2745 732 2824 sesquilineae)‚
772 2744 956 2809 hincinde
982 2749 1046 2809 sed
1068 2748 1169 2812 incon·

215 2843 315 2907 stanti
338 2846 441 2908 modo
467 2849 700 2921 constrictum3
724 2847 817 2928 apice
831 2847 961 2910 caudali
988 2863 1170 2920 retusoseu

215 2947 410 3023 foveolato3
445 2946 483 3010 in
512 2950 689 3011 nonnullis
713 2950 892 3030 (maribus)
915 2950 1050 3032 papilla
1074 2972 1116 3014 ex
1133 2952 1170 3014 lo·

212 3068 280 3122 yea
302 3053 486 3117 eminente·
857 3131 862 3143 ι

325 3158 455 3236 Corpus
479 3165 630 3236 apertum
655 3151 781 3215 tunicas
806 3154 928 3217 eodem
949 3151 1065 3218 modo
1089 3150 1173 3219 acin

215 3246 303 3323 Eeh.
328 3256 471 3340 Giganta
501 3269 704 3338 comparatas
739 3256 886 3323 exhibet.
930 3256 979 3317 In
1012 3256 1173 3331 masculis,

199 3378 286 3439 ¹qua
309 3356 434 3440 papilla
456 3358 602 3420 caudalis
626 3371 746 3433 exstat,
781 3359 877 3419 filum
917 3379 963 3420 ex
996 3359 1064 3423 hac
1097 3363 1175 3422 intus

218 3462 435 3541 progreditur
467 3460 721 3538 tenuissimum,
765 3456 1033 3538 semipollicare.
1091 3458 1176 3523 Nihil

220 3561 308 3621 ultra
327 3561 363 3622 in
392 3560 601 3625 animalculis
630 3558 819 3624 diutissime
848 3559 970 3643 spiritu
1002 3561 1082 3627 vini
1111 3582 1177 3624 con·

221 3661 362 3725 servatis
385 3665 544 3745 detegere
565 3662 673 3729 licuit.

333 3765 520 3844 Specimina
537 3766 674 3850 juniora
700 3765 822 3826 adultis
851 3762 1069 3843 interminata,
1094 3761 1177 3849 polli-

223 3885 299 3932 cem
321 3865 398 3950 plus
419 3866 535 3929 minus
557 3867 669 3951 longa,
691 3867 818 3949 poetice
848 3865 978 3931 lineam
1012 3866 1188 3933 dimidiam.
