2452 4478
361 240 685 354 „flur-r

53 419 112 464 ma
135 394 302 463 diversus.
345 395 427 460 Hoc
446 401 636 478 discretum,
659 388 1017 488 mcxcninpmiforme

54 504 134 565 sive
158 526 275 564 urnam
299 503 460 577 reserens,
487 524 565 564 mox
581 503 911 588 infundibunt'orme,
935 533 1016 574 mar·

54 607 137 689 gine
161 605 271 667 obiter
293 589 438 680 crenato,
461 627 604 686 corpore
630 598 737 670 multo
758 613 911 691 crassius.
952 615 1016 674 Po.

52 728 113 769 rus
136 713 286 790 posticas
311 696 462 790 erciguus,
487 708 700 783 orbicularis,
724 711 866 793 integer,

166 827 355 908 Specimina
386 826 561 908 hydatides
598 826 831 904 inhabitantia,
861 851 1017 911 quaeque

54 929 182 1012 passim
205 930 339 1010 ipsoex
362 928 431 989 istis
455 933 597 1017 extraxi,
632 931 760 994 lineam
795 935 835 993 ad
859 932 1015 1012 sesquilis

55 1054 160 1100 neam
180 1035 292 1114 lunga,
316 1053 335 1093 a
356 1033 633 1111 praecedentibus
657 1054 726 1099 non
743 1014 911 1096 differunt.
936 1036 1029 1108 Cory,

55 1156 119 1216 pus
155 1133 349 1195 hincinde
385 1132 598 1203 constrictum
623 1147 685 1203 est,
719 1136 810 1212 quod
836 1155 954 1197 verme
976 1134 1031 1211 in„

57 1257 162 1318 parva
184 1235 344 1316 hydatide
369 1238 557 1298 convoluto
580 1234 676 1298 iacile
696 1238 855 1320 explicari
877 1249 1000 1331 potest.

107 1414 143 1486 9.
173 1393 434 1489 Amphistoma
461 1399 586 1463 Cornu
614 1379 790 1464 Ntnzscu.
818 1420 854 1465 n.
881 1420 935 1488 sp.

175 1544 201 1587 1.
230 1523 310 1586 Am.
345 1525 496 1584 Nrrzscrr
534 1522 713 1604 specimina
741 1523 891 1605 quinque
925 1514 1030 1586 misit⁴

60 1625 96 1689 in
113 1625 281 1690 intestinis
312 1630 438 1689 Ardeae
463 1626 606 1685 cinereae
633 1625 818 1687 Decembri
850 1645 966 1690 mense
996 1649 1016 1688 a

60 1750 94 1792 se
123 1743 271 1810 reperta,
301 1731 551 1791 Holostomum
574 1728 690 1791 Cornu
721 1727 823 1804 dicta,
863 1725 1015 1814 sesqui-li·

60 1853 185 1898 nearra·
683 1849 686 1853 '
816 1846 818 1853 '

168 1965 282 2054 Caput
307 1965 496 2043 discretum,
518 1985 659 2050 corpore
679 1962 829 2044 crassius,
853 1959 1017 2049 apice'bi«

59 2066 176 2131 iobum
200 2072 257 2132 vel
286 2072 395 2132 o'bi'tet
422 2069 549 2152 pluries
586 2069 740 2147 incisum,
773 2093 855 2152 poro
892 2089 1014 2150 magno

59 2171 246 2252 inaequali,
272 2194 374 2252 quem
400 2186 510 2236 tamen
533 2171 569 2233 in
593 2172 731 2233 mortuis
755 2172 844 2233 haud
868 2175 943 2232 satis
969 2160 1027 2232 di·¹

59 2275 229 2356 stinguere
250 2296 399 2356 possum.
450 2275 575 2355 Corpus
599 2296 616 2334 a
645 2273 751 2355 capite
776 2275 1016 2336 tenuissimum

56 2376 190 2458 incipit,
220 2378 344 2440 sensim
373 2393 405 2440 et
434 2378 525 2438 tarde
550 2374 758 2450 increscens,
783 2392 819 2439 ut
836 2396 1015 2439 summam

56 2478 198 2562 attigerit
232 2479 414 2542 crassitiem
437 2498 554 2542 versus
580 2482 732 2554 caudam,
773 2501 860 2560 quae
881 2479 1030 2545 iterum.

56 2580 194 2644 tenuior
222 2597 256 2646 et
283 2598 373 2647 recta
397 2603 479 2665 poro
504 2579 627 2663 exiguo
652 2585 873 2664 integerrimo
902 2578 1026 2648 termi··

55 2697 164 2746 natur.

120 2834 152 2884 2.
175 2817 256 2881 Am.
281 2815 444 2882 Bnnusnrt
462 2817 593 2900 aliquot
610 2817 788 2900 specimina
813 2816 901 2880 dedit
923 2816 958 2879 in
971 2816 1019 2880 ina

56 2919 186 2985 testinis
211 2924 336 2984 Ardeae
366 2925 542 2985 Garzettae
565 2925 691 2995 oblata,
724 2922 848 2982 lineam
873 2942 948 2981 cum
975 2921 1018 3001 di-

56 3024 159 3085 midia
182 3017 258 3103 plus
281 3024 391 3086 minus
425 3026 545 3107 longa;
586 3039 679 3106 parte
714 3025 880 3085 anteriore
917 3021 1017 3085 flave-
1062 3104 1064 3107 Ι

57 3140 186 3198 scente,
211 3124 340 3204 reliqua
364 3128 588 3208 fuscescente,
626 3125 733 3208 capite
757 3126 879 3206 passim
900 3120 1024 3185 subtri-¹

56 3230 153 3302 lobo,
179 3243 330 3290 ceterum
353 3230 518 3293 cumillis
543 3251 643 3314 supra
666 3226 837 3311 descriptis
859 3225 1020 3311 protinus¹
1078 3211 1080 3215 ⁵

59 3328 295 3414 congruentia.

166 3467 240 3532 Obr
271 3465 352 3528 Non
377 3458 657 3533 confundendum
680 3480 730 3532 est
752 3487 830 3528 cum
848 3465 1016 3531 Menosca·

59 3586 143 3634 mate
178 3571 282 3631 Cornu
317 3592 350 3630 n.
388 3585 430 3647 14.
463 3573 587 3654 pariter
613 3572 650 3636 in
679 3571 806 3634 Ardeis
837 3565 1019 3641 habitante,

61 3676 219 3753 quodque
242 3673 321 3732 Eut.
345 3674 394 3734 ΙΙ.
422 3692 448 3735 1.
474 3697 505 3756 p.
529 3677 599 3751 346.
623 3699 657 3738 n.
671 3693 698 3756 7.
720 3673 807 3735 male
831 3668 919 3735 inter
934 3667 1018 3732 Am·

60 3776 268 3855 phistomata,
293 3790 348 3836 aut
368 3779 485 3840 saltem
506 3778 594 3843 inter
616 3781 689 3855 itta,
713 3796 801 3860 quae
826 3773 933 3858 capite
956 3770 1018 3834 dis·

63 3894 150 3945 creto
174 3893 328 3962 utuntur,
355 3881 615 3944 collocaveram«
