2408 4478
558 257 609 273 ...
664 238 738 309 233
792 255 845 277 .-

268 408 331 491 47.
355 393 495 467 Asseris
522 394 671 487 lapsura
696 400 740 464 R.
766 419 804 464 n.
824 421 886 491 spi

325 528 525 589 Bninrsriun
548 528 724 606 complura
746 526 941 607 specimina
966 522 1068 589 misit
1088 508 1123 589 in
1142 526 1175 589 in
1203 541 1204 560 ¹

219 628 348 695 testinis
375 631 565 690 Testudinis
588 630 712 709 Myrice
734 643 879 707 reperta,
906 644 978 695 tres
1006 632 1052 693 ad
1074 632 1175 693 ocioli.

219 754 301 797 neas
325 734 438 812 longa,
463 746 590 810 tenera,
615 731 862 811 subpeliucida.

330 850 438 932 Caput
471 847 670 922 discretum,
713 848 862 908 valvulis
902 834 1023 911 tribus
1063 848 1204 925 οὓίιίέῐς,

222 960 324 1037 saepe
348 955 478 1033 optime
501 949 700 1031 conspicuis,
714 970 822 1030 saepe,
836 950 958 1015 forsan
983 957 1033 1015 ob
1056 954 1173 1035 pharyn·
1203 959 1204 1022 ζ

223 1054 274 1137 gis
298 1068 425 1137 partem
450 1070 652 1134 protrusam,
676 1052 954 1129 obscurioribus,
992 1076 1068 1135 quo
1091 1058 1173 1117 antica

222 1168 299 1243 pars
328 1158 496 1217 nodulosa
523 1155 580 1216 vel
607 1152 772 1233 pnpillosa
800 1170 956 1235 apparet,
1024 1158 1172 1239 Cnrpnsa

221 1261 332 1344 capite
369 1256 497 1321 sensim
529 1254 853 1344 latescit„seminae
887 1257 925 1317 in
957 1262 1104 1323 caudam
1123 1262 1172 1320 lon·

222 1378 316 1447 gam,
349 1358 515 1440 exquisite
549 1357 737 1419 subulatarn
777 1372 810 1420 et
841 1376 977 1421 rectam
1002 1361 1170 1431 ·transiens;

222 1465 327 1527 maris
349 1463 455 1524 cauda
477 1477 583 1520 crassa
607 1460 747 1535 inflexa,
770 1458 929 1523 acumine
957 1482 1074 1545 aeque
1090 1466 1170 1545 longo

222 1581 259 1631 et
281 1565 435 1626 subulato
459 1560 678 1639 arseminae,
701 1564 761 1625 sed
782 1561 918 1624 fortiter
939 1566 1093 1631 reflexo.
1130 1642 1133 1649 Ι

332 1680 428 1746 Ante
459 1683 592 1763 apicem
620 1682 720 1743 istum
755 1668 924 1744 reflexum
957 1674 1097 1765 spicula
1121 1684 1170 1747 dni

225 1796 314 1851 fecta
336 1796 370 1848 et
389 1785 521 1849 brevia,
546 1804 638 1865 pone
661 1805 748 1864 quae
771 1803 893 1864 corpus
919 1784 1074 1851 tertium
1093 1786 1171 1871 cylin-

225 1888 358 1955 dricum
378 1887 540 1947 obtusum
560 1884 628 1947 illis
653 1888 758 1968 duplo
780 1899 812 1945 et
831 1885 975 1948 brevius
993 1904 1030 1953 et
1048 1888 1171 1953 crassius

228 1990 417 2059 Oviducrus
441 1990 553 2050 ovulis
576 1986 883 2071 oblongoov'alibus
906 1988 1052 2071 repleti.
1091 1990 1172 2053 nbis

226 2098 373 2160 cibarius
398 2091 591 2173 oesophago
615 2094 721 2175 longo
757 2088 952 2174 posteriora
979 2113 1103 2157 versus
1122 2112 1171 2153 seri

227 2203 292 2262 sim
313 2197 503 2265 incrassato,
527 2208 601 2256 tum
627 2192 814 2263 ventriculo
839 2196 1067 2259 subrotundo
1088 2212 1171 2279 parvo

226 2310 263 2365 'et
289 2294 449 2360 intestino
490 2317 509 2356 a
545 2294 706 2364 crassiore
744 2294 838 2379 apice
861 2296 997 2360 sensim
1021 2310 1170 2365 attenuato

227 2413 366 2464 constat.

335 2514 468 2598 Species
491 2505 595 2579 cauda
617 2515 715 2578 maris
738 2504 840 2601 ionge
863 2505 1032 2587 subulata
1049 2520 1083 2587 e't
1101 2512 1172 2605 geiii·

228 2623 350 2688 talibus
372 2619 528 2681 masculis
552 2618 809 2687 distinctissime.

278 2791 341 2871 43.
366 2777 505 2850 Ascaris
531 2777 802 2873 microcephaia
828 2784 873 2852 R.

331 2926 377 2988 In
400 2921 652 3005 Entozoologia
675 2924 740 3001 (II.
766 2941 794 2991 1.
815 2947 848 3006 ρ.
876 2925 949 3006 167.
969 2948 1009 2989 n.
1033 2928 1104 3007 3¹1.)
1122 2928 1173 3007 spi

226 3016 339 3094 cimen
360 3030 549 3091 femineum
573 3026 734 3107 descripsi
764 3029 804 3087 ab
834 3048 897 3088 am.
956 3020 1119 3093 Nirzscu
1147 3026 1175 3087 in

227 3135 355 3195 Ardeae
377 3144 524 3194 comatae
547 3126 732 3190 abdomine
757 3127 849 3210 Majo
875 3144 1064 3211 repertum
1084 3144 1118 3195 et
1132 3132 1175 3192 Βδ-

228 3236 358 3298 nevole
380 3251 520 3294 mecum
545 3230 838 3296 communicatum.

336 3347 491 3413 Arimini
519 3346 650 3430 Aprilis
681 3350 713 3410 d.
736 3336 864 3410 XXIX.
898 3340 938 3411 in
961 3337 1100 3418 Aidede
1123 3351 1177 3433 Ny·

231 3456 406 3519 eticor'acis
429 3452 621 3533 oesophago
644 3464 678 3513 et
703 3451 890 3513 ventriculo
915 3458 1113 3538 complura,
1137 3434 1177 3513 nii

233 3572 315 3635 quot
339 3557 438 3619 eiiam
460 3552 547 3614 inter
569 3552 749 3615 ventriculi
769 3552 895 3615 tunicas·
921 3570 956 3618 et
981 3580 1056 3640 qua
1069 3571 1179 3643 partem

233 3675 367 3751 egressa
387 3670 421 3718 et
442 3655 603 3736 adiposae
627 3654 760 3717 tunicae
780 3652 1023 3723 ventriculum
1050 3650 1179 3745 cingenti

235 3754 380 3817 immissa
412 3759 524 3840 reperi
553 3758 736 3841 specimina
763 3756 862 3838 viva,
899 3780 1059 3844 quorum
1088 3768 1179 3829 inum

235 3860 427 3926 ¹masculum
455 3859 532 3931 suit.
926 3883 930 3892 ·
