2408 4478
399 223 684 318 ...ὠμ-

53 386 209 451 hibeant.
255 388 386 450 Omnes
409 388 486 451 ideo
501 387 682 451 Ascarides
699 411 722 463 ,a
741 411 797 453 rne
820 385 856 453 in
874 387 1021 473 Synopsi

55 502 272 552 enumeratas
305 490 372 550 huc
394 512 477 553 vere
500 492 685 573 pertinere,
716 491 912 572 neutiquam
949 515 1027 554 con·

56 593 201 654 tendere
225 595 384 678 conabor,
398 593 456 655 sed
481 594 597 690 quoad
614 593 688 657 lieri
704 593 799 655 licuit
820 593 965 676 singulas
979 615 1027 658 se·

57 696 143 756 dulo
154 696 273 755 iterum
289 694 480 774 iterumque
497 695 686 758 examinavi
702 710 734 756 et
747 694 782 755 in
800 711 894 777 parte
907 697 1021 778 operis

56 797 189 878 ingrata
211 797 355 856 multum
369 797 492 857 laboris
517 796 628 878 posui.
672 797 866 862 Nonnullas
896 799 1023 879 species

58 898 263 960 Rannsnrrus
288 896 327 956 ad
353 897 567 980 Oxyuridem
595 899 774 979 relegavit,
804 919 893 980 quas·
915 899 1026 980 capite

59 1001 144 1062 mibi
168 1001 304 1062 trivalvi
329 1000 401 1060 viso
420 1000 496 1061 heic
510 1000 654 1063 retinere
677 1020 790 1080 cogor,
816 1000 895 1069 licet
916 1021 1026 1084 genus

60 1102 288 1165 vastissimum
311 1103 384 1183 ipse
408 1103 640 1167 lubentissime
665 1103 866 1165 dividerem.

170 1205 292 1282 Neque
321 1203 563 1266 subdivisionis
592 1206 674 1268 ratio
705 1227 723 1266 a
754 1203 903 1286 corporis
932 1202 1029 1286 parte

41 1309 123 1367 ·vel
147 1306 304 1384 utrinque
327 1310 510 1388 aequaliter
539 1311 597 1370 vel
631 1306 792 1369 anteriori
822 1309 882 1369 v'el
914 1321 1027 1388 poste·

10 1416 17 1466 ἶ
61 1407 147 1468 riori
169 1408 273 1487 magis
295 1422 472 1482 attenuata,
496 1423 530 1473 et
551 1413 591 1472 ab
619 1410 689 1470 alis·
713 1408 825 1489 capitis
849 1410 1028 1490 depromta

63 1508 159 1570 omni
183 1509 288 1570 dubio
312 1524 408 1584 caret,
433 1515 560 1574 alarum
583 1513 677 1576 enim
697 1512 823 1594 species
848 1524 924 1574 cute
949 1522 1028 1593 post

62 1627 210 1674 mortem
233 1613 368 1675 flaccida
390 1615 519 1679 reddita
542 1613 676 1676 incauto
706 1616 883 1696 imponere
903 1626 1026 1694 potesn

65 1729 101 1779 et
131 1715 276 1776 feminae
304 1717 447 1798 majores
474 1732 602 1799 partem
630 1719 784 1801 corporis
805 1715 1031 1799 posteriorem

62 1817 237 1894 interdum
259 1819 357 1880 solito
376 1821 574 1882 'crassiorem
598 1821 768 1885 exhibent.
812 1819 969 1882 Meliora
988 1831 1034 1880 ta

63 1942 146 1982 men
169 1919 343 1982 divisionis
366 1921 586 1983 fundamenta
609 1924 668 1985 virt
699 1922 855 1986 invenies
891 1934 925 1982 et
954 1937 1028 1999 spe·

65 2022 134 2084 cies
157 2036 223 2083 tam
234 2041 429 2084 numerosas
445 2025 637 2104 promiscue
659 2045 857 2088 enumerare
872 2020 1033 2084 omnium
1103 2013 1106 2016 ⁴

65 2144 212 2187 examen
251 2123 393 2185 maxime
434 2128 781 2192 arduum'redderet.
849 2122 1031 2212 Quaedam

66 2242 158 2289 certe
181 2225 375 2288 animalium
396 2225 541 2292 familiae
570 2229 776 2305 Ascaridum
798 2226 899 2293 etiam
922 2223 1032 2287 tribus

65 2327 252 2410 peculiares
271 2329 462 2407 continent,
489 2345 526 2392 ut
554 2335 593 2393 ab
621 2331 691 2394 illis
711 2333 824 2393 forsan
848 2325 1031 2391 divisionis

66 2445 307 2512 argumentum
327 2433 514 2513 petendum
534 2432 727 2507 vide⁴retur3
747 2433 815 2494 hoc
839 2444 951 2493 autem
963 2447 1035 2510 par·

67 2530 131 2596 tim
168 2554 249 2594 curu
284 2547 399 2595 nostra
432 2534 668 2598 distributione
700 2530 878 2607 convenit,
911 2529 1035 2616 partim

66 2657 156 2700 vero
190 2656 263 2696 non
293 2631 450 2715 quadrat,
485 2658 566 2698 nam
594 2639 765 2701 interdum
794 2633 952 2697 animalia
987 2629 1034 2707 di·

67 2737 261 2804 versissima
281 2736 409 2817 species
423 2737 625 2801 Ascaridum
647 2737 832 2801 simillimas
855 2737 989 2799 fovent.

181 2838 376 2921 Speciertim
399 2840 608 2904 differentiae
638 2861 737 2922 saepe
768 2836 967 2902 difficillime
988 2855 1036 2901 re-

16 2948 19 2954 '
68 2943 259 3027 periuntur,
281 2942 431 3022 ideoque
446 2963 491 3008 ne
504 2943 656 3032 diversas
669 2941 915 3023 conjungerem
928 2937 1035 3000 valde

68 3049 255 3126 forsanque
278 3046 378 3107 nimis
401 3058 516 3106 cautus
549 3043 615 3123 fui,
650 3045 773 3105 multas
796 3057 912 3108 tamen
931 3040 1036 3117 Ente-¹

68 3147 253 3230 zoologiae
274 3147 402 3228 species
424 3146 565 3210 meliora
587 3147 726 3210 edoctus
749 3140 883 3209 tetoldi.

128 3323 158 3371 1.
183 3300 322 3375 Ascaris
349 3304 615 3377 lumbricoides
640 3311 762 3376 Lrnrt.

139 3424 141 3429 Α
182 3432 280 3519 Quae
304 3449 483 3501 anatomen
512 3437 614 3519 hujus
643 3434 780 3498 entozoi
805 3453 824 3494 a
854 3431 918 3497 cel.
941 3426 1036 3511 viria,

70 3533 223 3607 Besaro,
239 3536 385 3599 Orronr
408 3539 548 3622 aliisque
571 3540 809 3620 locupletatam
823 3523 982 3616 spectant,
996 3532 1036 3594 iu

70 3637 259 3701 Mantissae
278 3644 428 3706 sectione
449 3644 553 3707 altera
571 3640 784 3704 commodius
806 3651 1039 3720 exponentur·¹
1058 3696 1071 3704 ,.

180 3759 209 3820 F
212 3761 651 3839 nouercalNaturforscher
665 3760 708 3823 St,
729 3775 780 3838 29.
794 3779 828 3842 p.
845 3771 906 3837 33..
921 3778 956 3818 n.
975 3757 1037 3830 10.)

71 3861 265 3926 Ascuridem
291 3865 390 3929 Suum
421 3867 462 3930 ab
490 3865 638 3937 humana
660 3860 851 3948 distinguit,
882 3858 1038 3927 differen-
