2452 4478
535 285 584 306 -
661 271 735 349 572
780 234 843 311 ’-

230 432 354 494 tenue3
374 437 493 501 corpus
523 420 772 482 subtotundum
796 442 857 485 seu
880 435 1032 503 ovatum,
1056 422 1185 492 dimidi-

230 545 285 595 am
308 521 432 591 vermis
446 519 698 602 longitudinem
715 521 892 588 latitudine
914 526 1098 610 attingens3
1116 553 1184 612 quo

230 640 421 690 commotus
453 623 597 702 speciem
625 625 680 703 D,
701 626 899 705 Lagenulam
921 628 958 691 in
986 631 1183 715 adversariis

228 746 453 804 vocaveram,
474 721 541 784 alio
565 737 680 784 tamen
700 726 842 791 nomine
863 732 906 790 ab
927 724 1114 795 inventore
1129 756 1183 815 po-

229 828 310 902 sito,
344 828 430 890 illud
461 826 642 904 suppressi.
701 826 826 908 Figura
860 833 901 895 cl,
928 831 994 895 viri
1027 833 1183 897 Distoma

123 972 132 995 .
228 933 332 995 valde
356 933 551 1009 elongatum
581 911 683 1000 sistit,
713 932 813 1008 quale
844 945 930 996 certe
957 933 1080 996 vivum
1104 937 1180 999 sisti·

228 1044 295 1101 tur.
339 1035 469 1112 Corpus
492 1014 644 1107 undique
666 1023 747 1091 onis'
762 1032 911 1096 farctum.

252 1157 256 1167 ·
293 1157 296 1165 ·
341 1135 423 1198 obs.
446 1149 475 1196 1.
499 1129 632 1212 Species
649 1131 830 1194 Distornati
853 1135 960 1197 seriali
984 1155 1021 1203 n.
1040 1154 1094 1203 22.
1111 1161 1178 1220 pro·

229 1235 337 1312 xima,
361 1257 447 1317 quae
469 1232 591 1314 pariter
624 1235 660 1293 in
683 1235 816 1316 organis
839 1240 1046 1318 uropoetic'is
1072 1255 1177 1302 occur-

228 1361 308 1411 rere
327 1338 470 1410 videtur,
493 1335 607 1394 forsan
629 1332 667 1394 in
677 1327 864 1398 ureteribus
877 1325 1042 1402 Salmonis
1066 1343 1174 1424 alpini,

227 1441 325 1520 cujus
346 1437 383 1499 in
407 1435 568 1520 sanguine
599 1435 723 1496 dorsali
746 1441 860 1515 (renes
883 1440 1110 1524 significante)
1132 1466 1177 1515 oc·

230 1561 369 1604 currere
395 1542 437 1603 0.
462 1539 637 1611 Fabricius*
652 1552 767 1600 auctor
790 1554 848 1602 est.

241 1704 244 1709 ,
338 1642 422 1713 obs,
445 1657 474 1706 2.
502 1641 572 1702 Cel.
603 1661 648 1701 ΑΒ
676 1639 810 1703 Onsnns
845 1643 970 1724 pluries
998 1646 1176 1728 specimina

227 1745 301 1815 'duo
323 1740 389 1827 'per
421 1740 599 1806 inferiores
632 1743 782 1824 corporis
810 1759 934 1825 partes,
966 1748 1175 1828 potissimum

228 1855 317 1915 circa
340 1869 463 1930 porum
491 1844 675 1936 ventralrm
701 1846 879 1909 cohaerere
908 1848 1008 1924 vidit,
1034 1874 1173 1934 quorum

229 1957 375 2023 aiterum
397 1945 594 2012 moribundi
628 1945 731 2009 instar
759 1967 878 2030 segnes
906 1963 1036 2014 tantum
1070 1972 1172 2020 motus

231 2054 349 2134 edidit,
370 2055 514 2115 alterum
536 2068 619 2112 vero
643 2049 767 2128 alacre,
796 2049 863 2111 huc
889 2064 922 2114 et
950 2051 1033 2117 illuc
1057 2061 1173 2121 collum

229 2160 429 2237 elongatum
450 2150 664 2232 protendens,
695 2152 840 2215 alteru-m
861 2171 975 2230 secum
996 2165 1109 2238 traxit,
1135 2162 1172 2225 ita

229 2261 345 2323 forsan
368 2255 493 2316 coitum
516 2254 711 2319 absolvens.

281 2424 342 2498 24.
368 2407 532 2484 Distoma
560 2409 752 2502 divergens
777 2415 824 2484 Ρι.

338 2546 383 2606 In
415 2539 580 2604 intestinis
609 2540 745 2600 Blennii
783 2542 999 2623 Gattorugine
1026 2531 1171 2611 Arimini

226 2646 348 2734 'Aprili
371 2646 438 2706 duo
461 2640 572 2724 reperi
595 2640 780 2723 specimina
798 2658 936 2720 mortua,
962 2649 1044 2712 duas
1069 2655 1168 2714 tertias

229 2753 345 2818 lineae
367 2757 476 2831 partes
498 2748 609 2828 longa,
634 2745 720 2820 alba,
742 2748 876 2807 macula
896 2747 1010 2827 fulva,
1049 2754 1170 2838 depres.

227 2854 385 2919 siuscula.

336 2972 419 3033 Pori
439 2962 588 3051 globosi,
622 2968 753 3027 anticus
772 2967 916 3044 inferus,
938 2973 1101 3036 ventralis
1123 2976 1170 3038 du·

229 3079 290 3162 plo
310 3073 427 3153 major.
477 3069 600 3132 Collum
621 3081 809 3128 antrorsum
832 3085 1049 3154 attenuatum,
1072 3076 1109 3137 in
1127 3097 1171 3138 cu-

228 3180 284 3263 jus
307 3173 376 3237 basi
399 3174 501 3234 cirrus
524 3168 697 3232 incurvus.
733 3168 852 3252 Corpus
873 3170 985 3256 latius,
1011 3177 1170 3241 obtusum·

235 3282 314 3346 ova
334 3275 428 3337 fusca
450 3273 489 3334 ad
512 3274 612 3334 latera
636 3269 734 3351 partis
757 3276 963 3352 posterioris.

338 3375 504 3461 Ejusdem
528 3371 723 3435 Distomatis
748 3376 861 3438 forsan
882 3378 1057 3442 adultioris
1081 3377 1173 3464 speci·

230 3484 323 3549 mina
356 3477 516 3541 undecim
549 3474 586 3536 in
618 3475 782 3537 intestinis
818 3480 955 3544 Biennio·
983 3483 1174 3545 tentaculati

231 3581 385 3654 Arimini
406 3577 501 3657 Majo
524 3578 644 3656 reperi,
666 3578 879 3644 flavescentia
901 3599 1028 3665 puncto
1050 3584 1174 3667 postico

230 3688 346 3758 fulvo,
359 3678 531 3742 dimidiam
553 3679 594 3738 ad
618 3679 699 3740 duas
726 3683 833 3744 tertias
850 3685 962 3750 lineae
985 3701 1096 3769 partes
1112 3689 1176 3749 lon·

231 3808 289 3873 ga,
326 3786 371 3847 In
392 3779 444 3842 his
472 3801 537 3846 ova
558 3793 622 3842 tam
659 3783 700 3841 ad
735 3785 837 3852 latera
864 3788 965 3872 partis
994 3786 1177 3867 anterioris,

226 3908 335 3979 guam
353 3883 393 3963 iu
413 3895 481 3951 tota
501 3895 595 3971 parte
616 3882 755 3969 postica.
1143 3882 1146 3887 ’
