2408 4478
537 188 848 309 -4184

200 386 365 457 unissime
385 400 538 454 erenatos
560 387 680 466 refert,
707 386 810 455 icone
840 401 969 457 autem
996 394 1083 459 ule,
1103 415 1162 458 non

200 492 296 559 sistit.

255 631 336 704 108·
361 614 531 688 Distotna
557 610 718 683 militare
744 602 810 684 'lli

303 745 480 829 specimen
503 744 539 806 in
561 742 729 807 intestinis
750 744 846 807 Ralla·
863 734 1058 815 Ponanae
1075 774 1162 836 repen

201 866 285 929 tum,
296 863 441 932 quatuor
462 846 569 909 lineas
591 848 746 928 longum,
760 862 967 932 angustum,
987 857 1163 918 athnett

202 972 301 1017 senos
321 949 421 1020 misit,
441 946 583 1010 nomine
606 948 730 1011 triviali
751 958 824 1009 nort
847 951 997 1029 addito}
1029 956 1067 1019 in
1090 960 1161 1021 Catt-

200 1060 284 1138 logo
304 1053 500 1117 Viennensi
521 1051 609 1133 typis
631 1051 797 1133 impresso
819 1058 948 1116 'autem
967 1056 1071 1121 idem
1090 1062 1161 1121 ttttcl'·

202 1172 316 1223 natum
339 1169 490 1219 vocatur.
534 1155 663 1215 Forsan
693 1156 828 1216 Zennnr
854 1154 1031 1221 Dislo'rnssa
1060 1160 1104 1223 ita
1127 1152 1160 1222 di-

202 1273 295 1325 otum
315 1257 366 1336 (in
388 1255 607 1335 Chloropode
628 1271 818 1336 repertum,
842 1260 1015 1342 mihique
1038 1284 1108 1325 non
1127 1261 1160 1323 vi.

204 1363 295 1439 sum)
317 1380 395 1422 cum
416 1358 494 1431 illo,
528 1356 620 1436 quod
644 1357 787 1419 militare
812 1362 965 1439 vocavi,
1003 1366 1099 1429 idem
1115 1378 1159 1439 etl,

202 1461 389 1547 specimine
410 1458 574 1521 nimirum
597 1461 731 1519 Zenent
752 1458 964 1527 varietatem
998 1469 1159 1547 offerente,

203 1564 285 1629 alias
307 1563 400 1627 enim
421 1561 669 1643 distinguantur
690 1582 830 1625 necesse
851 1579 917 1629 est,
969 1634 974 1643 ,

312 1656 431 1730 Collum
454 1666 545 1727 'enim
574 1671 716 1745 eorpore
742 1665 948 1745 neutiquam
982 1656 1089 1734 latius
1112 1684 1157 1747 est,

206 1773 352 1854 eorporis
379 1782 492 1831 autem
520 1765 665 1827 maxima
698 1787 772 1847 pars
803 1771 930 1833 aeuleis
951 1774 1063 1835 rectis
1083 1772 1159 1835 mini·

205 1871 269 1937 mis
291 1870 406 1947 obsita,
428 1889 513 1951 quos
535 1870 694 1929 Znnentrs
717 1871 919 1933 uncinatun'r
941 1875 1156 1941 describendo

204 1985 300 2039 tacet.
895 1975 898 1981 ’

262 2084 540 2187 =109.Dis'torna
566 2084 898 2188 echino'oephtllum
927 2101 975 2168 Β.
1005 2128 1045 2174 ιι.
1069 2131 1119 2202 sp.

316 2228 387 2289 Cel.
417 2226 605 2286 Tennrnan
642 2224 829 2285 Distomata
863 2232 1057 2309 complura
1086 2234 1158 2297 detlt

206 2326 365 2412 Augusto
387 2345 501 2388 mense
526 2325 607 2388 anni
632 2338 712 2404 1789
733 2326 770 2386 in
791 2325 960 2391 intestino
987 2352 1086 2399 recto
1101 2341 1158 2401 Fal.

207 2433 300 2494 conis
322 2428 426 2491 Milvi
448 2451 466 2489 a
488 2447 522 2490 se
541 2443 681 2510 reperta,
698 2416 942 2508 sesquilineam
956 2438 1045 2516 plus
1067 2444 1157 2504 minu

207 2534 321 2613 longa,
345 2544 492 2610 angusta.

315 2632 411 2694 Bene
434 2632 512 2694 licet
535 2645 731 2695 conservata
750 2620 937 2715 indaganti
960 2654 1157 2708 tamennon

208 2724 448 2805 satisfecerunt,
472 2734 558 2797 adeo
578 2748 616 2795 ut
637 2756 719 2795 num
732 2756 814 2798 vere
834 2756 931 2801 nova
951 2744 1092 2809 dicatur
1106 2768 1160 2831 spe

207 2837 287 2913 cies,
310 2850 423 2897 utrum
447 2834 503 2895 alii
527 2834 660 2898 cuidam
680 2838 726 2898 D.
742 2846 948 2903 armatorum
976 2853 1108 2928 spectet
1116 2871 1159 2933 po

206 2937 273 3003 tius
295 2936 451 2998 addenda
472 2936 521 3011 sit,
546 2938 668 3002 dubius
688 2962 850 3004 maneam.

230 3102 235 3109 ,
314 3035 427 3119 Caput
450 3059 590 3121 corpore
613 3042 785 3125 angustius
808 3046 1091 3132 subrotundum,
1111 3059 1159 3119 cia

207 3156 298 3207 ctum
318 3136 447 3232 'echinis
469 3142 566 3206 rectis
587 3142 707 3207 faciem
729 3145 873 3207 eandem
896 3168 939 3210 ac
958 3149 1002 3215 in
1027 3159 1075 3223 D.
1093 3158 1160 3223 echi

204 3253 285 3303 nato
311 3238 558 3311 exhibentibus.
612 3233 716 3308 Porus
746 3249 877 3308 anticus
917 3258 1076 3339 exiguus
1101 3284 1162 3326 m·

205 3344 289 3407 tralt'
315 3345 423 3405 multo
452 3345 576 3411 minor.
622 3347 754 3427 Corpus
781 3368 891 3430 prope
928 3354 1033 3423 hune
1060 3372 1161 3448 'parum

205 3465 322 3525 neque
347 3465 480 3528 semper
493 3446 631 3524 latescit,
656 3459 804 3512 ceterum
822 3449 970 3536 lineare,
982 3482 1162 3549 angustum,

204 3546 392 3628 posteriora
414 3569 531 3612 versus
555 3561 676 3631 parurn
697 3556 929 3632 attenuatum,
958 3565 1065 3646 apice
1088 3572 1164 3632 obtu-

206 3665 257 3708 so.
304 3648 395 3711 Vasa
417 3650 485 3713 duo
508 3653 786 3736 longitudinalia,
815 3657 955 3739 aliaque
985 3669 1103 3734 minus
1129 3667 1163 3732 di

206 3746 325 3810 stincta
345 3749 381 3825 in
402 3751 514 3815 media
538 3755 687 3835 corporis
715 3773 819 3841 parte,
842 3781 937 3841 quae
954 3779 1077 3841 tamen
1090 3766 1164 3856 priti

208 3846 296 3934 quid
316 3848 441 3916 habere
463 3856 638 3926 videntur
