2408 4478
521 258 845 354 ⁴-206-

227 421 424 506 scriptiones
445 437 478 487 et
499 425 613 488 icones
635 426 678 487 ad
699 447 818 489 manus
836 440 942 506 erant,
964 432 1178 512 postmodun

227 542 339 589 autem
363 526 548 609 specimina
576 529 785 592 collectionis
811 531 1071 609 Brocnranaa,
1104 554 1177 615 quae

225 629 466 693 Universitatis
497 643 632 693 nostrae
674 631 799 691 Museo
842 632 1042 715 Zoologico
1086 636 1177 720 Regis

220 731 453 796 munificentia
474 730 580 806 cessit,
623 753 684 812 pro
719 731 828 793 lubitu
856 734 1085 799 examinandi
1124 739 1177 801 cel.

219 835 487 909 chnrausrnns,
511 834 652 915 Collega
674 833 906 897 dilectissimus
930 836 1074 917 copiam
1095 836 1176 907 fecit.

329 934 435 1018 Caput
470 948 693 1010 attenuatum,
735 958 789 999 ora
822 937 1008 1001 orbiculari
1045 940 1173 1025 exiguo.

225 1038 352 1120 Corpus
367 1040 518 1117 aequale,
542 1056 658 1099 versus
675 1037 862 1119 posteriora
873 1040 1172 1117 subincrassatum;

220 1144 315 1223 apice
347 1140 478 1202 caudali
510 1139 547 1201 in
579 1141 713 1202 duobus
735 1142 981 1223 speciminibus
1006 1145 1170 1221 subulato,

218 1241 358 1315 inflexo,
379 1241 504 1306 lineam
525 1243 650 1325 long03
678 1242 715 1304 in
737 1247 835 1306 tertio
858 1243 1066 1321 semitereti,
1108 1268 1171 1309 acu

217 1344 375 1420 tiusculo,
397 1344 616 1419 subincurvo,
639 1367 752 1427 neque
774 1348 943 1418 subulato,
965 1365 1092 1427 neque
1111 1362 1170 1411 tau·

216 1462 336 1528 topere
357 1468 395 1508 ac
414 1450 480 1510 illis
504 1462 654 1514 curvato.
697 1445 789 1511 Ante
811 1447 942 1529 apicem
964 1446 1107 1555 dicturis·
1121 1448 1169 1513 aui

216 1568 393 1610 ormcrum.

320 1648 505 1711 Maximum
526 1651 648 1714 horum
672 1649 906 1734 speciminum,
930 1652 993 1715 sed
1016 1652 1168 1717 haudic-

213 1766 344 1837 tegrum
380 1768 445 1816 tres
478 1756 584 1835 pedes
618 1755 789 1818 rhenanos
812 1753 960 1836 attingit3
1007 1754 1167 1821 crassitiei

214 1852 295 1918 duas
317 1856 429 1921 lineae
451 1855 562 1919 tertias
584 1874 693 1940 partes
717 1858 890 1935 adaequat.

319 1959 455 2022 Caudae
487 1955 649 2021 varietate
671 1973 869 2033 commotus,
901 1956 961 2039 qui
981 1980 1052 2041 pro
1075 1980 1166 2025 sexus

212 2060 406 2126 discrimine
427 2060 603 2133 haberem,
630 2079 741 2139 eoque
762 2058 867 2142 magis
885 2061 1072 2143 deceptus,
1094 2064 1166 2147 quia

210 2167 248 2228 in
281 2161 465 2246 specimine
499 2162 647 2223 femineo
680 2162 792 2241 proles
825 2163 956 2237 aderat,
995 2164 1039 2227 in
1068 2167 1165 2249 Syno-

211 2285 313 2348 pseos
337 2264 535 2327 definitione
557 2263 656 2344 hujus
680 2262 824 2326 Filariae
842 2262 999 2344 specifica
1017 2267 1064 2331 de
1082 2283 1165 2331 uuo·

210 2391 278 2450 que
302 2388 385 2429 sexu
407 2370 539 2429 locutus
563 2385 651 2441 sum,
675 2367 734 2429 sed
758 2366 874 2427 omnia
893 2365 954 2427 illa
978 2367 1163 2451 specimina

145 2477 147 2480 ’
208 2469 357 2534 feminea
378 2483 408 2530 et
419 2459 587 2550 proli'gera
612 2486 696 2541 esse,
719 2465 857 2549 synopsi
879 2470 967 2550 typis
989 2469 1161 2555 impressa,

209 2576 348 2637 demum
370 2592 465 2633 novo
489 2572 644 2632 examine
666 2569 826 2650 comperi.
1131 2562 1135 2567 ’

313 2672 459 2736 Filariae
493 2688 626 2736 nostrae
663 2674 758 2754 prole
794 2671 888 2753 quasi
914 2672 1043 2739 fareiae
1071 2687 1159 2751 sunt,

206 2777 299 2861 quod
332 2776 360 2838 si
392 2776 512 2838 harum
547 2774 795 2858 longttudinem
823 2774 915 2837 illius
942 2796 1034 2838 vero
1057 2776 1160 2839 minu·

205 2882 288 2946 tiem
310 2894 455 2962 spectas,
497 2879 652 2940 foetuum
674 2877 779 2938 multa
801 2876 951 2953 millium
968 2875 1082 2940 millia
1102 2877 1159 2941 sin·

204 2984 291 3067 gulis
314 2982 440 3047 tribuit.
497 2979 736 3043 Oviductuum
763 2976 897 3037 indoles
927 2978 1044 3056 quoad
1067 2978 1158 3073 parti·

204 3088 295 3148 culas
318 3099 445 3146 tantum
474 3081 658 3146 examinari
681 3078 809 3161 potuit,
851 3079 909 3140 sed
936 3080 977 3139 ab
1000 3078 1065 3142 illa
1086 3078 1157 3143 alia·

200 3208 277 3248 rum
299 3191 485 3270 specierum
515 3207 556 3249 eo
583 3180 739 3247 recedere
767 3183 856 3256 visa,
899 3181 995 3260 quod
1023 3180 1157 3245 tunicas

198 3289 314 3354 laeves
334 3309 448 3370 neque
469 3289 623 3351 foetuum
645 3286 838 3362 velamenta
863 3281 935 3344 fere
964 3284 1040 3347 ulla
1069 3284 1155 3347 siste·

198 3407 331 3466 rentur,
361 3393 422 3454 sed
441 3395 564 3473 passim
586 3385 819 3451 tantummodo
841 3381 930 3462 inter
951 3383 1152 3451 innumeros

197 3490 309 3553 foetus
330 3497 481 3576 grumosi
503 3492 584 3575 quid
607 3492 747 3554 adesset.
776 3484 828 3547 Hi
847 3498 886 3569 ut
906 3485 1098 3565 plurimum
1117 3483 1151 3549 in

198 3590 321 3674 spiram
343 3595 514 3673 (duorum
535 3615 610 3656 cum
633 3589 774 3654 dimidio
797 3589 954 3665 orbium)
977 3586 1150 3675 sedetiam

195 3695 232 3754 in
257 3695 503 3758 semicirculum
526 3697 678 3777 aliosque
702 3696 822 3756 modos
849 3686 1048 3764 convoluti,
1070 3688 1148 3753 hinc

196 3796 310 3857 obtusi
331 3798 515 3875 crassiores,
536 3798 630 3860 illinc
651 3799 835 3873 tenuiores,
859 3796 919 3859 sed
932 3790 1029 3876 apice
1052 3789 1144 3856 tenui

190 3892 314 3978 libero,
334 3917 449 3979 neque
470 3902 624 3981 undique
642 3897 824 3987 pellucidi,
853 3899 915 3965 sed
938 3910 1037 3982 parte
1066 3910 1144 3960 cras
