2408 4478
397 284 450 309 ..
504 250 583 348 159·
614 198 678 305 ¹..

100 424 195 491 Hab.
213 422 259 482 In
280 413 446 482 intestinis
466 421 624 500 tenuibus
643 416 813 488 Glareolaa
832 413 1019 493 austriacas

146 521 299 588 Arimini
321 519 436 601 Aprili
459 519 582 602 reperi.

58 650 122 724 93.
174 631 312 700 Taenia
337 627 520 699 scolecina
544 634 591 705 R.

103 749 144 809 T.
166 744 274 827 capite
301 744 526 824 subglol1050‚
557 742 696 804 rostello
728 744 850 804 obtuso
877 743 1020 823 (parum

149 836 282 912 exser'to
306 844 413 922 viso),
438 846 527 905 collo
553 842 667 917 brevi,
711 843 857 906 articulis
879 847 1020 909 anterio·

147 952 241 1012 ribus
269 946 538 1030 rugaelormibus
566 944 786 1025 lemniscatis,
828 933 1022 1031 posteriori·
1108 974 1112 989 ¹

149 1054 213 1122 bus
236 1049 467 1130 subquadratis
491 1047 649 1136 ovigeris.

105 1155 210 1240 Mant.
230 1176 268 1224 n.
291 1169 342 1231 93.
370 1155 411 1218 T.
432 1152 612 1216 scolecina.

106 1242 198 1317 H'ab.
244 1252 281 1317 in
325 1252 491 1319 intestinis
531 1252 685 1318 Peleoani
724 1253 898 1323 Carbonis.
932 1257 1021 1325 Mus.

154 1357 269 1430 Vienn.

334 1506 534 1615 Species
566 1528 757 1600 dubiae.

64 1695 128 1778 94.
180 1685 318 1757 Taenia
342 1689 621 1782 Vespertilionis
647 1689 766 1761 auriti.
794 1681 826 1782 '1⁴

106 1801 198 1861 Hab.
218 1800 256 1862 in
277 1802 444 1864 intestinis
464 1802 713 1884 Vespertilionis
736 1805 849 1876 aurici,
872 1799 905 1869 C.
922 1804 967 1875 E.
980 1803 1024 1870 V.

154 1918 273 1984 mscpt.
295 1907 354 1968 vel
377 1907 419 1965 ad
441 1904 604 1967 Taeniam
628 1906 814 1964 obturatam
832 1923 867 1967 n.
887 1920 942 1984 59.
963 1908 1024 1971 vel

154 2008 197 2069 ad
218 2009 256 2070 T.
280 2020 410 2068 acutam
432 2029 466 2068 n.
490 2018 542 2077 82.
564 2005 758 2089 pertinebit.

63 2127 127 2211 95.
178 2115 313 2184 Taenia
340 2100 444 2183 Oanis
469 2104 748 2213 Lagopoclis.†

76 2210 80 2217 ⁵
107 2228 187 2290 Ent.
207 2243 238 2288 2.
268 2249 301 2308 p.
328 2242 398 2303 [93.
424 2248 460 2291 n.
484 2243 536 2305 73.
561 2227 653 2290 Hab.
674 2227 712 2287 in
733 2222 901 2288 intestinis
926 2227 1026 2295 Canis

152 2331 357 2410 Lagopodis,
379 2328 632 2398 Arzanenam».
661 2329 702 2398 T.
723 2325 886 2399 litteratae
914 2351 949 2403 n·
974 2333 1026 2395 16.

152 2431 305 2514 proxima
328 2430 474 2494 videtur.
968 2453 969 2457 ’

63 2535 130 2672 96
182 2540 317 2607 Taenia
343 2544 369 2607 F
372 2538 438 2608 elrs
464 2537 585 2610 Pardi

63 2655 193 2719 'Ent.
216 2667 246 2714 2.
268 2673 301 2732 p.
326 2668 397 2729 193.
418 2675 453 2718 n.
475 2664 527 2730 74,
549 2647 673 2712 Hab.’
662 2673 700 2713 1n
728 2653 795 2714 Fele
818 2653 941 2729 Panlo,
966 2655 1027 2717 Cu-

155 2776 248 2829 vran,
283 2777 302 2815 a
332 2776 400 2835 quo
424 2752 554 2835 accepi,
588 2751 737 2834 speciem
758 2755 802 2821 T.
824 2757 1043 2836 marginatae

155 2878 189 2917 n.
213 2867 264 2927 80.
287 2860 434 2922 affinem.

67 2979 129 3056 97.
181 2968 319 3037 Taenia
343 2967 480 3035 lineata
506 2953 700 3053 Gonnoi·

95 3079 191 3159 'Ena
214 3095 245 3141 2.
268 3102 301 3163 p.
327 3092 398 3159 194.
420 3099 455 3140 n.
479 3090 529 3156 75.
552 3080 592 3141 Τ.
614 3075 749 3137 lineata.

112 3180 205 3242 Hab.
229 3180 267 3240 in
288 3179 453 3242 intestinis
469 3173 630 3266 (luciferi
647 3175 882 3256 (Februario)
895 3177 1026 3239 Goazn.

160 3282 197 3345 0.
211 3285 257 3349 E.
275 3285 317 3350 V.
334 3296 451 3364 mscps.
472 3304 514 3344 ex
538 3303 607 3362 quo
630 3282 780 3363 speciem
801 3279 972 3364 propriam
992 3290 1029 3343 et

155 3387 323 3447 inermem
346 3368 418 3447 esse
441 3382 590 3451 discitur.

67 3504 132 3585 98.
185 3492 324 3563 Taenia
349 3494 434 3562 Ursi
458 3491 651 3567 maritimi.

112 3604 192 3665 Ent.
214 3622 246 3669 2.
269 3628 302 3686 p.
328 3618 398 3682 192.
418 3625 454 3670 n.
478 3620 527 3682 79.
552 3609 590 3667 T.
613 3601 696 3665 Ursi
719 3600 888 3666 maritimi.

110 3707 203 3768 Hab.
221 3706 257 3766 in
280 3703 447 3768 intestinis
475 3707 551 3769 Ursi
571 3711 741 3783 inuritimi,
786 3728 804 3767 a
828 3726 896 3786 quo
922 3703 1028 3786 dejec-

155 3820 223 3870 tam
246 3809 382 3870 Cuvrrn
403 3830 538 3873 mecum
559 3807 836 3885 communicavit,
877 3806 1029 3890 speciem

152 3908 377 3981 foraminibus
399 3932 487 3994 vage
510 3910 646 3979 alternis
666 3911 874 3988 instructam,
918 3907 963 3978 ad
981 3907 1027 3971 fa·
