2408 4478
389 280 668 358 ..233-

48 448 139 510 tenS‚
185 434 318 496 cucullo
334 429 451 512 *duplo
474 427 623 511 longius.
659 428 774 493 'Yubos
796 432 937 496 c'ibnrlm
957 432 1006 493 ni·

26 532 96 601 'hil
109 539 291 620 :peculiare
313 534 424 598 habet.
490 533 619 596 caudae
640 535 799 596 masculae
826 535 1006 617 depressae

10 662 15 673 ⁶
47 641 213 704 incurvae
233 639 429 698 membrana
451 635 613 717 utrinque
636 637 701 698 lata
722 637 893 716 pellucido
913 639 1008 698 illam

48 743 207 807 bialatam
228 739 385 803 reddens.
450 735 699 834 Anteapicem
721 741 845 803 caudae
866 755 1008 801 tenuem

10 914 15 919 ,
49 847 248 930 pupillarem
270 840 399 922 spicula
420 839 488 900 duo
512 841 630 905 brevia
646 841 684 903 in
698 845 801 925 altero
821 840 1007 923 specimine
1106 906 1109 913 ,

51 946 180 1011 vidisse
200 941 289 1006 mihi
310 940 406 1004 visus
430 961 515 1005 sum.
579 941 696 1005 -Couda
722 938 867 1031 feminea
889 946 1009 1005 obtusa

53 1052 225 1133 depressa.
269 1043 449 1125 Specimen
469 1046 678 1128 virgineum,
723 1067 791 1124 quo
820 1068 934 1126 neque
961 1046 1010 1107 in-

10 1184 22 1191 -
53 1167 149 1234 tegre
181 1167 296 1229 neque
317 1146 396 1210 fisso
420 1167 488 1209 ova
512 1148 568 1210 vel
589 1146 701 1210 foetus
723 1146 761 1211 in
791 1163 1010 1230 conspectum

10 1270 25 1307 ῑ-
53 1251 253 1318 veniebant.
592 1247 595 1253 ’

161 1352 316 1416 Entozoa
335 1351 460 1416 haecce
481 1349 694 1414 vividissimo
716 1367 813 1415 motu
832 1355 964 1434 pollent
978 1367 1013 1417 et
1068 1342 1070 1348 ¹

10 1474 14 1509 ·.
55 1457 215 1521 facillime
246 1452 332 1537 parti
368 1456 523 1516 admotae
559 1455 625 1514 oris
650 1476 715 1536 ope
738 1456 919 1537 fortissime
942 1458 1012 1520 asfi-
1107 1522 1109 1529 ,

10 1580 26 1615 :.
56 1573 183 1644 guntur

163 1657 294 1721 Multos
317 1658 494 1721 Scombros
514 1655 664 1720 Arimini
687 1672 721 1722 et
741 1658 889 1745 Neapoli
910 1665 1014 1743 secui,

59 1761 123 1825 sed
146 1761 284 1823 nonnisi
307 1777 355 1824 tor
368 1759 554 1824 solitarium
578 1759 698 1841 reperi,
722 1783 825 1841 quem
846 1767 887 1823 ab
907 1763 1015 1826 omni-

58 1869 122 1927 bus
145 1864 284 1944 reliquis
309 1863 503 1926 Cucullanis
526 1862 634 1945 primo
657 1861 785 1927 intuitu
813 1864 1015 1933 distinctissi-

59 1988 156 2045 mum
176 1967 326 2030 habebis.

110 2105 147 2179 6.
172 2107 395 2179 Cucullanus
419 2103 629 2176 foveolatus
653 2110 697 2175 R.

172 2255 286 2339 Quem
320 2253 365 2319 O.
392 2254 457 2314 En.
478 2252 629 2314 Miimen
657 2249 695 2312 in
726 2249 893 2340 intestinis
927 2248 1018 2322 Gadi·
1046 2320 1048 2323 .

61 2355 234 2432 Morhuoe,
261 2356 373 2416 forsan
398 2353 499 2417 etiam
519 2353 555 2416 in
576 2353 642 2415 illis
669 2355 760 2416 Gadi
782 2357 944 2422 Collatiae
965 2360 1018 2423 de·

63 2440 162 2535 texit.
178 2455 251 2538 ipse
263 2456 301 2518 in
313 2460 514 2519 mesenterio
535 2459 671 2522 Biennii
684 2459 849 2543 Phyez'dis
863 2474 897 2522 et
920 2463 1019 2525 intes-

64 2559 139 2623 tino
164 2579 298 2621 summo
322 2562 498 2621 Muenna.
518 2560 660 2622 Helenae
680 2560 701 2622 J
704 2560 797 2638 uni0,
839 2560 1020 2644 inperito.

64 2682 135 2725 neo
157 2660 260 2722 trium
281 2666 506 2724 Muraenarum
530 2660 666 2723 Cossini
685 2663 778 2725 Julio
800 2665 949 2746 Neapoli
973 2689 1036 2758 rel

65 2760 156 2844 peri3
178 2761 314 2827 ibidemv
329 2763 367 2825 in
389 2764 512 2826 Helena
532 2761 717 2828 inventum
731 2765 930 2829 Bmmsnnm
952 2790 1019 2833 me·

70 2885 154 2931 cum
177 2863 452 2928 communicavit.

174 2981 218 3044 In
252 2985 400 3069 Phycide
427 3005 544 3045 marem
576 2983 651 3047 fere
686 2996 762 3047 octo
795 2997 830 3049 et
853 2981 1021 3075 seminam

68 3085 142 3151 fere
168 3105 301 3150 novem
333 3087 440 3150 lineas
474 3087 595 3169 longos
621 3083 748 3169 reperi,
791 3085 1021 3169 flavescentes,

68 3189 186 3256 vivos.

177 3289 291 3374 Caput
310 3290 481 3355 interdum
513 3291 725 3354 foveolatum
763 3290 917 3369 videtur,
960 3295 1024 3358 sed

70 3412 156 3457 vere
176 3396 357 3476 globosum
379 3407 429 3459 est
451 3406 486 3456 et
505 3393 666 3474 utrinque
693 3395 877 3474 aequaliter
904 3417 1026 3460 conve·

25 3533 30 3541 ·
70 3516 172 3568 xum3
194 3516 274 3558 vasa
296 3511 410 3562 autem
431 3492 497 3557 sivi
519 3495 663 3571 hamuli‚
686 3495 778 3559 varia
800 3495 891 3558 enim
914 3501 1051 3578 speeie·

72 3615 263 3673 occurrunt,
287 3601 457 3662 cucullum
478 3596 656 3680 cingentia,
678 3598 770 3661 huno
787 3597 1030 3682 quasiimpree·

72 3717 149 3760 sum
174 3701 327 3764 referunt
358 3701 430 3763 sive
457 3701 682 3766 foveolatum.
728 3699 839 3764 Gauda
858 3706 960 3766 maris
981 3703 1028 3767 in.

73 3823 189 3881 curva,
209 3817 314 3881 acuta,
359 3802 490 3885 spiculo
523 3804 631 3886 longo
652 3801 841 3866 acutissimo
882 3805 948 3884 (an
970 3806 1031 3868 du·

74 3901 226 3988 plicit),
248 3919 328 3971 ante
357 3902 451 3970 illiue
488 3905 622 3992 apicem
649 3909 697 3975 'ex
726 3902 852 3993 vagina
868 3905 1036 4004 peculiari
