2408 4478
547 305 832 378 ..290..

213 410 319 533 iero:
341 453 420 517 licet
448 452 531 514 haee
560 449 685 532 pariter
722 451 760 514 in
796 452 1004 517 Testudine
1037 458 1173 521 ter-terni

214 556 367 644 (graeca)
389 568 522 636 reperta
543 553 595 629 sit,
618 554 744 615 sulcata
760 573 861 639 supra
884 555 1173 642 descriptum

217 663 257 725 in
280 657 472 724 Testudine
501 654 630 718 marina
653 671 814 724 occurrat.

267 832 328 908 5¹.
353 814 494 887 Ascaris
520 810 740 911 spiculigeia
765 806 811 887 R.

322 949 368 1009 In
389 943 489 1007 trium
511 943 744 1008 Pelecarrornm
765 942 948 1009 carbonam
985 947 1171 1033 oesophago

213 1064 253 1127 ‚et
272 1045 464 1135 ventriculo
487 1038 664 1107 Ascarides
680 1048 869 1127 complures
892 1045 1017 1129 reperi
1039 1065 1171 1115 amns·

216 1153 323 1215 sculas
346 1169 446 1229 quam
469 1146 641 1219 femineas.
665 1168 743 1209 cum
764 1147 831 1211 illis
845 1151 1058 1215 onocrotali
1076 1150 1171 1215 inEn·

220 1247 415 1331 tozoologia
438 1247 612 1329 descriptis
635 1247 790 1330 protinus
810 1266 1060 1333 congruentes.
1183 1290 1187 1295 -

322 1353 422 1416 Aves
444 1348 577 1411 Kilonii
600 1350 656 1412 die
678 1354 721 1413 II
744 1353 802 1415 vel
822 1354 884 1415 ΙΙΙ
907 1352 1003 1437 Maji
1026 1377 1047 1417 a
1066 1356 1107 1419 el.
1121 1354 1169 1417 Pr·

217 1477 347 1522 naason
367 1450 542 1515 Historiae
573 1451 733 1515 naturalis
762 1455 903 1519 Cultore
937 1456 1169 1521 ardentissimo

218 1557 341 1642 glande
364 1556 526 1637 plumbea
547 1552 699 1635 trajectae
721 1568 755 1618 et
779 1574 884 1635 aquae
907 1554 1009 1621 vitae
1032 1556 1170 1623 commis

213 1678 274 1723 'sae
294 1659 496 1722 Berolinum
525 1657 697 1718 mandatae
732 1669 819 1719 sunt.
867 1656 942 1722 Die
973 1659 1076 1725 XIV
1100 1656 1170 1741 Masi

215 1764 354 1826 alteram
376 1780 477 1822 avem
498 1758 618 1839 spiritu
647 1758 777 1820 sortiter
803 1757 1083 1843 impraegnatam
1111 1780 1171 1845 ape·

214 1859 526 1928 'riendoAscarides
540 1860 576 1921 in
589 1860 783 1943 oesophago
797 1873 830 1923 et
842 1861 1051 1926 ventriculo
1066 1862 1170 1947 rigida

217 1981 252 2032 et
274 1979 387 2026 motus
412 1977 565 2044 expertes
587 1960 715 2042 reperi,
749 1981 863 2041 neque
883 1960 923 2025 in
946 1982 1046 2051 agna
1067 1963 1171 2049 frigida

220 2066 484 2138 reviviscebant,
508 2062 611 2124 calida
634 2082 719 2125 vero
741 2062 852 2137 affusa,
874 2062 964 2126 dnm
991 2065 1110 2149 tepida
1127 2067 1169 2129 fie-

212 2171 290 2240 ·bat‚
313 2163 472 2226 omnibus
492 2165 562 2227 vita
584 2178 617 2227 et
644 2177 755 2225 motus
776 2165 1035 2243 reddebantur,
1064 2160 1170 2251 quita

216 2287 302 2333 men
324 2266 457 2329 fervida
479 2267 581 2328 eflusa
598 2265 708 2327 subito
723 2282 941 2331 evanuerunt
950 2270 1062 2333 nullo
1077 2270 1168 2333 modo

213 2368 412 2435 revocandi.
467 2369 511 2429 In
543 2367 681 2448 reliquis
712 2370 845 2431 duobus
872 2370 1100 2434 carbonibus
1126 2372 1169 2433 die

213 2473 416 2552 insequente
438 2472 634 2533 examinatis
662 2470 803 2533 nonnisi
830 2491 915 2535 vere
943 2470 1168 2537 morturani

216 2573 323 2637 fendi.

321 2673 474 2737 Eandem
511 2677 658 2757 speciem
690 2672 726 2736 in
759 2664 931 2740 Peleeerris
966 2681 1117 2742 cristata
1142 2685 1167 2737 et

215 2798 374 2862 pygmaeo
394 2790 563 2857 repertam
585 2778 763 2860 Catalogus
785 2776 1012 2846 Viennensis
1035 2782 1144 2847 habet.

210 3016 214 3025 ,
269 2942 329 3023 54.
353 2934 492 3007 Asseris
515 2929 649 3005 labiata
670 2938 716 3004 R.

321 3080 433 3166 Quam
454 3077 491 3141 in
512 3078 679 3144 intestinis
702 3082 877 3142 Muraenae
898 3083 1087 3162 Anguillae
1101 3082 1168 3165 Gry

220 3181 322 3264 phiae
340 3183 492 3261 Augusto
515 3182 627 3264 reperi
649 3181 786 3260 (Entoz.
800 3182 850 3244 Π.
867 3197 896 3246 1.
913 3204 950 3265 p.
966 3182 1168 3266 172.n.37.).

215 3282 368 3366 Neapoli
388 3281 493 3344 Junio
521 3282 559 3344 in
579 3284 757 3346 Muraenae
785 3283 910 3364 Gangre·
935 3286 1083 3370 majoris
1101 3286 1170 3351 inte·

217 3389 307 3449 stino
330 3383 451 3446 infimo
474 3384 654 3448 solitariam
685 3385 831 3461 offendi,
858 3387 992 3465 albam,
1022 3386 1168 3453 undena

216 3486 323 3550 lineas
344 3487 493 3567 longam,
517 3485 680 3548 anteriora
700 3506 817 3550 versus
830 3489 936 3571 magis
961 3504 1168 3563 attenuatam.

217 3585 336 3667 capitis
356 3587 502 3649 valvulis
523 3585 687 3664 maximis,
712 3590 816 3651 cauda
837 3592 1025 3672 depressa,
1057 3586 1168 3657 intesti-

216 3682 271 3747 nis
294 3707 337 3750 ex
358 3686 468 3751 media
492 3689 640 3773 corporis
660 3706 754 3773 parte
777 3692 843 3755 cito
864 3693 1057 3776 prolapsis.

325 3803 439 3889 Quam
459 3808 587 3873 ibidem
608 3810 701 3873 Julio
723 3813 759 3872 in
782 3813 965 3873 Muraenae
976 3812 1078 3898 Myrr'
1096 3806 1168 3897 peri·

217 3912 324 3973 teneo
351 3906 520 3976 testiculos
548 3925 706 3981 nectente
732 3910 846 3997 reperi
877 3911 1088 4005 solitariam.
1117 3928 1166 3981 ser
