2408 4478
196 309 769 389 ‹··-·275·-¹

111 487 170 565 17.
196 468 335 544 Ascuris
360 466 585 562 microptera
610 474 653 540 R.
679 495 716 540 n.
741 493 794 566 sp.

165 604 207 663 In
239 601 337 665 Canis
373 603 465 683 Lupi
492 598 827 684 masculiintestinis
856 600 1016 663 tenuibus
1055 597 1059 604 “

11 743 16 748 ›
61 705 193 785 aliquot
214 701 394 765 Ascarides
417 714 566 762 mortuas
590 700 700 782 reperi
715 701 892 778 (Berolini,
914 705 1016 765 Janu·

59 807 150 885 ario)
177 809 262 866 duos
277 818 387 866 tresve
412 802 552 884 pollices
575 805 706 886 longas,
730 805 872 878 albidaS,
896 806 1016 868 uvidu-

63 908 173 970 ctibus
196 905 346 968 candidis
362 905 654 982 translucentibus,
668 905 703 967 in
726 928 813 990 aqua
835 905 900 968 cito
922 907 1017 968 tumi-

59 1012 120 1071 das
142 1011 252 1070 factas.
283 1006 431 1088 Aliquot
449 1007 566 1068 diebus
587 1009 709 1092 elapsis
727 1007 922 1101 inalterius
944 1010 1018 1090 lupi

58 1111 255 1193 oesophago
278 1110 416 1172 unicam
438 1108 560 1190 reperi,
584 1112 707 1194 pariter
727 1127 903 1184 mortuam,
927 1109 1016 1172 cine·

57 1228 255 1286 rascentem‚
280 1208 496 1274 oviductibus
520 1211 650 1289 niveis,
679 1229 744 1276 tres
760 1212 851 1275 'cum
874 1212 1014 1275 dimidio

56 1317 200 1398 pollices
223 1317 370 1396 longam,
398 1313 644 1378 rectiusculam.
688 1317 773 1377 Duo
794 1335 932 1397 quoque
946 1335 1018 1398 spe·

33 1452 35 1457 ·
57 1418 182 1478 cimina
205 1421 245 1478 ab
269 1437 332 1476 am.
377 1414 522 1479 Orsoua
544 1415 811 1484 Vratislairiensi
833 1416 957 1500 accepi,
978 1420 1016 1480 in
1068 1445 1070 1448 ⁴

56 1520 151 1600 Lupi'
171 1516 328 1582 tenuibus
350 1517 513 1592 lanuario
526 1516 678 1594 inventa,
698 1538 849 1599 quorum
872 1521 1018 1583 alterum

57 1618 188 1683 noveru
212 1620 335 1692 lineas,
361 1621 506 1681 alterum
531 1619 617 1679 duos
640 1619 783 1701 pollices
806 1621 909 1702 longa
930 1636 1019 1685 sunt.

172 1721 279 1804 Caput
301 1723 478 1804 exiguum,
508 1721 691 1784 membrana
714 1721 874 1802 utrinque
897 1721 1019 1787 lineari
1087 1715 1091 1721 ’

56 1822 173 1897 brevi,
203 1824 310 1904 qualis
339 1846 404 1887 nec
432 1823 623 1906 incorpore
646 1826 804 1902 utrinque
827 1827 1016 1904 aequaliter

58 1927 121 1989 sed
150 1947 269 2007 parum
298 1941 485 2003 attenuato,
521 1947 590 1999 nec
613 1929 649 1986 in
676 1928 783 1987 cauda
811 1930 932 1993 obtusa
965 1951 1018 1994 oc·

60 2030 176 2092 currit.

172 2129 250 2193 Obs
273 2128 332 2198 Ab
356 2134 512 2194 Ascurida
533 2127 662 2196 Leonis
680 2127 869 2211 Ieptnptera
890 2131 951 2194 alis
970 2154 1020 2198 ca·

61 2232 144 2318 pitis
168 2232 347 2310 brevibus,
380 2240 420 2296 ab
444 2243 516 2300 Arc.
546 2234 645 2297 Canis
666 2235 850 2312 marginata
874 2256 1020 2318 corpore

61 2336 226 2399 crassiore
254 2352 287 2397 et
315 2337 375 2398 alis
407 2337 619 2423 tenuioribus
649 2335 772 2400 differt.
808 2337 919 2414 ‚Cum
941 2339 1021 2420 Spi-

60 2453 201 2522 roptera
232 2437 307 2523 lupi
339 2443 591 2523 sauguinolenta
625 2459 661 2508 n.
690 2455 745 2506 21.
771 2441 941 2524 ¹conlundi
964 2459 1021 2504 ne·

63 2557 150 2625 qurt.

81 2678 84 2683 ’
116 2649 175 2755 ao,
199 2680 340 2756 Ascuris
365 2682 636 2777 brachyoptera
660 2686 704 2752 R.
730 2707 767 2751 n.
792 2706 848 2776 sp.
900 2641 942 2753 “

107 2811 109 2816 ’
172 2810 254 2875 Am.
279 2813 440 2874 Buausuu
464 2813 533 2875 duo
556 2809 741 2894 specimina
764 2810 913 2895 misitlin
936 2810 1021 2902 inte·

64 2912 160 2978 stinis
187 2916 342 2977 Viverrae
367 2917 526 2978 &enectae
554 2914 732 2997 Algesirae
760 2927 905 2994 reperta,
935 2934 1022 2978 cras·

64 3017 221 3091 siuscula‚
230 3001 358 3092 lactea,
381 3021 570 3079 masculum
587 3019 674 3079 duos
698 3036 776 3077 cum
794 3013 950 3098 dimidio,
971 3015 1018 3097 fe·
1046 3011 1064 3042 ”
1122 3012 1128 3025 ’

63 3118 226 3183 mineum
246 3133 310 3181 tres
333 3121 477 3200 pollices
499 3122 611 3201 longa
839 3123 841 3126 ’
911 3182 913 3187 ,

150 3221 282 3305 Caput
306 3222 493 3298 discretum,
517 3216 663 3287 valvulis
682 3217 788 3282 tribus
802 3217 929 3311 pbtusis
953 3214 1022 3286 exi·

65 3321 153 3408 guis,
178 3323 283 3386 alain
306 3322 490 3408 specimine
517 3321 666 3389 femineo
698 3323 860 3403 utrinque
889 3323 1022 3399 semiel·

63 3424 183 3508 liptica
204 3426 312 3501 brevi,
336 3425 525 3508 marginem
546 3422 667 3498 incisa,
705 3423 862 3488 tenuiore
892 3424 929 3487 in
955 3449 1045 3500 ma„
1112 3507 1118 3516 ⁴

64 3530 172 3602 sculo‚
196 3528 255 3588 sed
278 3528 345 3590 hoc
367 3530 537 3612 specimen
563 3540 674 3588 cutem
702 3542 734 3589 et
758 3526 873 3608 capitis
897 3541 928 3589 ct
951 3551 1021 3594 cor-

62 3629 154 3712 poris
183 3628 305 3711 passim
331 3617 651 3722 emphysema'tieam
689 3628 838 3712 ideoque
859 3631 1024 3717 defigura,

65 3747 137 3796 tam
164 3732 276 3799 habet.
322 3735 441 3816 Corpus
478 3737 635 3816 utrinque
673 3736 860 3813 aequaliter
893 3753 1040 3805 attenu-,

66 3851 174 3898 atum.
220 3836 337 3898 Gauda
360 3841 463 3919 maris
484 3836 658 3919 depressa,
681 3835 824 3912 inflexa,
851 3837 944 3918 apice
969 3860 1024 3920 pa·

67 3936 185 4022 pillari
206 3938 425 4014 brevissimo3
451 3934 598 4029 feminae
619 3953 723 4014 teres,
754 3939 847 4025 apice
868 3938 1024 4024 papillati

688 4041 766 4108 Sa*
