2452 4478
399 239 681 331 ...655-

103 423 259 492 quantes,
287 429 432 489 quarum
454 424 599 489 quatuor
612 409 826 477 crassioribus
839 420 1019 484 utebantur

104 512 245 592 tunicis,
266 513 383 592 quinta
404 513 572 594 pellucido
596 525 675 575 erat.
718 513 841 580 Altera
869 541 911 584 ex
933 525 1024 584 vesi-¹

102 617 180 682 cula
200 629 328 675 meatus
350 615 385 676 in
415 613 635 676 substantiam
658 615 753 678 duxit
775 614 1018 684 musculorum.

39 741 42 745 ·
107 717 270 800 Singulae
306 739 379 780 sero
418 731 557 782 cruento
589 721 740 803 repletae
767 726 915 807 singulas
943 746 1019 786 con·

103 819 257 903 tinebant
268 820 417 894 Filarias,
430 822 531 882 altera
553 820 685 882 illarum
703 840 850 908 excepta,
865 825 1018 908 quaeFi-

91 922 219 992 'latiam
242 923 403 1003 majorem
427 935 460 986 et
481 923 647 991 minorem
669 927 802 994 obtulit.

169 1024 308 1093 Filarias
331 1038 395 1087 tres
423 1038 457 1090 et
485 1039 620 1104 quartae
642 1026 869 1109 fragmentum
893 1031 1018 1114 accepis

54 1128 146 1195 Illae
168 1127 406 1205 fuscescentes,
428 1127 651 1200 duriusculae‚
669 1131 918 1199 tenaciusculae
929 1138 1017 1216 (quo
1106 1194 1111 1207 ,

58 1229 140 1292 satis
170 1231 252 1317 ³1⁴⁸·
282 1229 375 1290 fusca
407 1227 602 1307 recedunt),
635 1232 813 1296 mediocris
848 1236 1017 1318 crassitiei,

57 1345 140 1411 tres,
170 1345 360 1412 quatuorve
382 1331 524 1413 pollices
547 1331 678 1412 longao.
720 1333 850 1418 Corpus
867 1328 1016 1419 aequale,

61 1447 160 1516 parte
193 1434 299 1495 antica
329 1455 448 1515 parum
476 1430 641 1495 tenuiore.
689 1437 738 1496 Os
760 1442 947 1504 orbiculare
970 1443 1019 1504 di·

57 1528 326 1601 stinctissirnurn.
370 1534 485 1598 Gauda
510 1536 737 1600 obtusa‘cum
766 1543 890 1623 papilla
922 1545 1019 1605 mini.

39 1659 135 1713 ma,
158 1637 195 1698 in
217 1656 322 1726 quam
340 1637 535 1702 intestinum
557 1634 796 1705 tenuissimum
817 1645 909 1711 abire
931 1647 1017 1712 vidi.

115 1811 152 1892 5.
177 1797 310 1875 Filaria¹
335 1792 532 1870 Alcedinis.
583 1801 684 1874 Pone
710 1824 747 1871 n.
772 1815 835 1891 53.
862 1809 1019 1902 synope·

168 1945 303 2012 Onasus
333 1942 414 2004 duas
443 1942 581 2023 Filarias
609 1941 702 2006 misit
728 1949 765 2009 in
793 1951 961 2018 Alcedinis
979 1976 1016 2021 n.

53 2048 110 2112 II.
139 2045 203 2114 sibi
236 2045 344 2115 dictae
379 2044 560 2113 abdomine
589 2045 775 2114 Februario
810 2051 846 2113 in
875 2055 1017 2120 Brasilia

55 2160 226 2230 repertas,
246 2148 483 2215 fuscescentes.
525 2145 686 2209 Alterum
713 2152 883 2233 specimen
911 2155 1028 2222 trade..¹

58 2250 144 2323 cim,
167 2251 308 2315 alterum
339 2251 383 2327 (si
405 2264 512 2331 partes
535 2249 706 2330 disruptae
718 2273 827 2317 unum
848 2259 1017 2340 efficiunt)
1124 2307 1126 2311 ,

57 2351 184 2436 viginti
206 2368 283 2415 octo
311 2353 415 2419 lineas
444 2354 602 2434 longum·
664 2354 714 2415 Or
743 2358 928 2426 orbiculare
952 2387 1020 2427 ma·

56 2472 169 2540 gnum
194 2456 339 2523 nudum.
398 2453 509 2522 Cruda
542 2452 683 2522 crassior
709 2456 836 2534 conica,
868 2463 1018 2527 obtusiu.

54 2561 162 2635 seula‚
183 2559 360 2640 perforata.

164 2656 272 2727 Aliud
294 2658 466 2741 specimen
489 2681 508 2724 a
532 2661 749 2723 Nurrmno
774 2661 810 2723 in
832 2664 1016 2732 abdomine
1076 2648 1080 2657 Ι

55 2763 228 2830 Alcedinis
248 2783 284 2827 n.
307 2773 358 2834 ge.
378 2764 414 2822 in
438 2762 578 2826 Brasilia
599 2777 788 2843 repertum,
816 2765 1015 2846 flavescens,

57 2866 316 2948 quatuordecim
338 2865 444 2928 lineas
466 2867 620 2946 longum,
641 2854 749 2926 antire
766 2867 867 2931 valde
889 2884 1018 2934 attenu-

58 2982 172 3048 atum,
208 2990 262 3032 ore
289 2972 449 3042 obscuro;
495 2968 603 3052 quodq
638 2964 755 3031 conica
788 2970 1048 3047 obtusiuscula‘

57 3067 234 3136 crassiore.
319 3092 322 3108 ·
690 3058 692 3063 ’

166 3170 312 3254 Propria
334 3185 422 3236 certe
444 3171 590 3254 species,
612 3171 707 3252 cujus
731 3185 843 3239 tamen
862 3172 1030 3238 litteren..

57 3275 105 3343 tia
126 3277 282 3361 specifica
302 3272 548 3368 speciminibus
575 3272 647 3339 istis
676 3275 912 3356 inaequalibus
940 3298 1016 3349 non

56 3378 217 3450 efficitur.

9 3616 11 3628 ,
109 3544 149 3627 4.
174 3537 310 3618 nuru
334 3537 561 3618 motusue.
598 3540 700 3614 rone⁴
720 3504 881 3639 [sytips.
902 3560 942 3631 n
955 3548 1026 3635 3&
1072 3582 1076 3591 ,

165 3687 349 3768 Specimen
370 3685 408 3749 in
428 3686 646 3767 Musctcapae,
674 3705 710 3745 n.
735 3701 804 3768 144.
832 3685 1016 3750 abdomine

8 3798 11 3819 ·'
57 3787 307 3852 aNArrnnrrro
332 3786 371 3849 in
390 3787 532 3850 Brasilia
549 3800 722 3871 repertum
734 3786 934 3851 Brnusnn'us
957 3787 1016 3849 mi·

54 3889 99 3954 sit
118 3888 250 3971 album,
283 3892 357 3961 fere
386 3889 603 3974 bipollicare,
634 3889 814 3967 mediceris
845 3887 1028 3969 crassitiei,-
