2408 4478
413 267 693 347 -587-

95 414 214 483 iculos
235 441 386 504 magnos,
409 419 726 497 cucumeriformes‚
749 420 867 486 eadem
887 425 974 488 serie
997 436 1032 489 et

95 522 180 584 tiva
202 526 372 600 distantia,
396 536 433 586 ut
455 521 716 606 posterior-'fere
734 525 880 587 mediam
899 526 1030 590 vermis

95 634 204 687 trtem
234 641 428 708 occuparet,
448 625 529 687 cuti
555 626 768 689 musculosae
795 647 862 708 ope
890 628 1031 691 filorum

95 730 332 791 isculosorum
355 730 491 805 affixos,
521 747 668 807 quorum
696 729 815 790 ductus
842 729 1029 793 seminiferi

96 838 197 891 flues
226 829 260 890 in
288 834 476 894 vesiculam
505 826 703 892 seminalem
732 833 921 913 elongatam
941 832 1029 893 abie-
1078 861 1092 877 ·

96 942 162 1006 snt,
186 933 355 1012 quaternis
374 933 532 1013 utrinque
553 933 641 993 lobis
665 931 738 999 sive
761 930 970 995 diverticulis
982 932 1030 993 in·

96 1034 249 1109 stactam,
284 1052 318 1098 et
346 1056 413 1119 ope
450 1035 580 1095 tubuli·
599 1035 672 1096 sive
705 1035 823 1098 ductus
853 1032 1029 1097 excretorii

96 1135 192 1199 *evis
215 1150 248 1198 et
270 1137 377 1198 crassi
407 1137 558 1201 vesicula
575 1135 707 1198 dilatata
726 1136 761 1196 in
784 1133 877 1217 apice
896 1135 1028 1218 postico

97 1230 372 1319 thinorhyncht·
397 1225 647 1304 terminabatur.
708 1239 827 1299 Hanc·
845 1237 1028 1302 vesiculam

96 1330 178 1419 ispe
205 1338 374 1402 inversam
395 1339 565 1422 protrudi,
605 1354 639 1404 et
673 1342 736 1400 sub
754 1339 855 1402 »coitu
883 1339 1028 1401 eandem

97 1424 206 1501 'aloem
228 1442 411 1507 acutiorem
440 1443 591 1525 corporis
622 1439 761 1504 feminei
788 1440 946 1522 amplecti
973 1459 1027 1503 su-

97 1533 235 1615 vicatur3
273 1543 302 1605 si
325 1559 438 1607 autem
460 1547 593 1629 globuli
614 1549 825 1626 in-protrusa
845 1546 1027 1606 observem

97 1646 137 1715 Ὦ·
160 1642 223 1705 hos
246 1648 425 1710 vesiculae·
440 1648 609 1713 seminalis
626 1645 839 1735 diverticula,
861 1660 950 1708 certe
972 1666 1026 1719 ap·

97 1758 139 1803 m
164 1747 336 1810 testiculos
359 1770 439 1817 non·
455 1770 539 1828 esse,
565 1750 667 1816 addit.
701 1750 792 1812 'Hoc
818 1745 959 1807 omnino
982 1763 1053 1809 ex·

109 1832 203 1913 'viri
227 1850 450 1932 descriptione
473 1853 648 1927 evincitur,
661 1848 754 1912 'curr'r
765 1846 909 1926 testiculi
930 1866 1027 1928 sups-

97 1948 154 2013 tri
178 1953 255 2015 loco
279 1954 370 2017 affixi
395 1955 476 2029 sint;
499 1957 559 2018 sed
583 1957 753 2016 sacculum
776 1953 926 2011 clausum
947 1971 1025 2031 pro·
1111 1982 1115 1987 ·

98 2040 299 2133 fidentem,
321 2070 421 2136 saepe
442 2057 542 2136 partis
567 2078 631 2140 ope
647 2051 867 2117 tenuissimae
890 2052 1025 2133 corpori

98 2168 313 2227 merentem
336 2172 369 2218 et
393 2157 569 2224 flaccidum
591 2161 734 2223 vulvam
754 2153 936 2218 femineam
957 2156 1025 2218 ml·

98 2258 172 2320 cti
192 2279 303 2340 posse,
325 2261 384 2320 vix
407 2261 609 2326 admitteres.
664 2306 666 2311 .

98 2366 103 2397 ²
178 2360 223 2422 In
260 2365 342 2425 Ech.
372 2365 641 2444 oligmantloide
671 2358 839 2437 (Mantiss.
867 2382 901 2442 p.
929 2360 1024 2440 alh)

98 2486 134 2515 ·⁴
159 2463 296 2526 Onasus
317 2467 412 2538 filum
432 2463 673 2548 longissimum
703 2482 746 2526 ex
776 2459 926 2524 vesicula
949 2484 1024 2525 cau·

98 2587 106 2617 =
153 2565 247 2627 ovali
270 2584 438 2631 exsertum
459 2569 555 2647 vidit,
578 2582 610 2631 et
631 2564 762 2649 ipsein
784 2582 926 2644 corpore
938 2567 1022 2628 Eas.

99 2671 271 2749 rigentis
291 2669 350 2744 (ib.
371 2693 403 2751 p.
424 2670 515 2749 326.)
537 2671 634 2731 filum
647 2660 908 2749 longiusculum
929 2686 1024 2747 repe-

99 2785 176 2832 ἓιι
197 2770 381 2833 vesiculam
402 2772 605 2835 seminalem
627 2758 832 2852 collapsam?
853 2766 914 2830 An
937 2763 1023 2832 haee

103 2890 208 2935 ersa
239 2873 346 2933 coitus
375 2884 527 2955 tempore
555 2872 786 2957 protrudituas
811 2868 869 2930 aut
897 2867 1023 2929 eodem

102 2987 217 3051 zeto,
244 2975 358 3034 forsan
386 2974 476 3038 vitae
498 2975 662 3048 termino,
691 2964 898 3054 prolabitur?
916 3008 921 3029 2
940 2971 1022 3049 Ipse

99 3084 183 3136 [en
207 3077 392 3139 vesiculam
412 3074 776 3159 Echinorhynohosum
797 3071 1023 3133 masculorum

100 3176 263 3257 pissime
281 3193 477 3260 protrusam,
501 3194 532 3242 at
542 3194 716 3264 nunquam
728 3174 832 3234 filum
836 3174 902 3289 tale
913 3193 1022 3257 egres·-

100 3290 145 3340 τι
166 3279 252 3345 vidi
332 3300 335 3305 ’
772 3296 775 3301 ’

176 3381 308 3447 Omnes
330 3394 476 3448 ceterum
479 3379 861 3481 Echinorhpncltosum
891 3384 1019 3464 speci‘e's

100 3470 184 3544 &ad
216 3489 339 3562 omnia,
366 3489 385 3550 a
414 3484 663 3551 cel.N1rzsda'
690 3472 801 3558 rela'ta3
836 3510 914 3552 cum
935 3484 1021 3555 Echi

100 3598 225 3648 znteo
250 3587 450 3670 convenire,
476 3591 591 3651 nullus
615 3591 810 3656 contendet.
853 3590 907 3654 Sic
928 3611 964 3652 v.
983 3576 1019 3658 s.

100 3689 238 3751 siculae
261 3693 346 3755 Ecl.
367 3692 535 3772 globulori
555 3689 767 3772 aliorumque
790 3692 948 3777 'globulos
964 3702 1020 3753 va·

101 3794 183 3852 m
205 3812 271 3872 ope
293 3793 382 3855 inter
403 3814 582 3870 seueras,
612 3782 762 3856 ceteid'r'n
784 3800 903 3861 autem
925 3792 1021 3858 undi-

101 3890 139 3952 ἑ
154 3890 283 3956 liberos
298 3896 461 3973 offerunt,
484 3895 543 3976 qui
566 3896 607 3957 cl.
618 3891 686 3958 viri
705 3897 932 3983 descriptione
946 3914 1018 3961 non
