2408 4478
557 253 846 327 '‘³4¹²“

326 414 371 478 In
394 407 578 495 specimine
604 409 752 475 maximo
772 408 889 471 almus
911 418 1051 489 rectus,
1070 402 1168 477 anison

219 538 295 581 sum
317 518 401 577 infra
424 516 550 575 collum
580 529 611 576 et
639 515 680 575 ad
711 527 844 594 partem
871 511 960 593 pori
983 507 1089 573 antici
1109 509 1168 574 etti·

219 638 292 681 sarn
315 639 422 699 usque
446 632 629 699 porrectus,
653 615 769 676 adesse
792 611 959 678 videtur.
995 610 1168 677 Ouadaffi·

219 721 409 793 vescentia,
443 720 503 780 sed
533 719 596 779 alia
617 716 714 779 etiarn
738 736 820 778 vasa
848 714 937 779 alba
960 714 1055 777 inter
1074 712 1168 781 illati

219 823 338 884 oculos
361 820 516 897 veniunt,
541 820 651 880 forsan
674 819 823 879 nutritia.

327 925 411 985 Cum
438 922 488 981 liis
517 937 725 1002 congruunt,
762 941 850 1001 quae
878 918 1077 1000 aliquoties
1094 920 1167 983 June

220 1039 256 1089 et
275 1023 369 1087 Julio
392 1024 534 1104 Neapoli
558 1025 634 1104 plns
655 1024 767 1085 minus
790 1021 944 1104 copiosa
966 1022 1009 1085 in
1033 1022 1166 1085 ventrina

218 1128 256 1193 lo
280 1139 314 1188 et
335 1125 502 1187 intestinis
530 1126 676 1189 Sccaerrbrr'
703 1125 821 1187 tracias
841 1123 988 1205 reperi,
1019 1126 1120 1187 valde
1134 1144 1164 1185 n

220 1226 281 1301 ria,
305 1228 386 1288 duas
409 1228 451 1287 ad
474 1246 533 1287 sex
556 1227 663 1290 lineas
686 1227 802 1307 longa,
826 1225 921 1304 quin
944 1228 993 1289 ad
1017 1223 1165 1291 decenti

218 1314 301 1391 neas
323 1345 476 1400 extensa,
515 1328 626 1389 albida
649 1325 812 1393 macuteic
844 1328 979 1407 luteis,
1013 1332 1073 1393 vel
1094 1333 1164 1393 elim

218 1431 387 1511 majorum
417 1430 642 1511 speciminum
669 1428 779 1489 tuscis.
824 1428 933 1507 Pori,
969 1452 1100 1517 corpus
1122 1450 1163 1495 at

218 1546 347 1597 natum.
365 1534 493 1611 reliqua
516 1533 650 1602 eadem3
674 1529 797 1591 cirrum
819 1543 942 1593 tamen
968 1534 1009 1597 in
1037 1536 1089 1597 his
1107 1554 1163 1597 nnn

220 1653 321 1712 quarn
346 1634 433 1704 vidi3
466 1633 572 1693 cauda
596 1630 776 1706 exsertilis,
809 1651 896 1694 mox
920 1634 1093 1717 brevior,
1111 1654 1163 1698 not

217 1735 415 1816 longissima
1101 1814 1104 1821 Ι

325 1835 407 1897 Obs.
425 1853 452 1900 1.
474 1836 576 1899 Hane
598 1836 744 1918 speciem
768 1854 845 1897 cum
862 1836 1075 1905 Distomate
1091 1842 1163 1921 cory-

217 1939 373 2023 phaenae
395 1960 428 2001 n.
455 1952 524 2017 153.
548 1937 754 2018 conjungere
776 1948 847 1999 non
870 1938 1097 2023 dubitarem,
1120 1939 1164 2003 nisi

218 2040 403 2124 specimina
434 2040 571 2122 copiosa
598 2042 639 2103 ab
679 2060 743 2105 arn.
766 2059 809 2101 Aa
833 2039 982 2103 ocreas
1008 2043 1050 2105 in
1070 2040 1164 2108 ventri·

219 2148 298 2206 culo
324 2145 564 2224 Coryphaenae
587 2139 755 2220 Equiselis
788 2157 924 2220 reperta
956 2166 1089 2225 porum
1110 2144 1165 2209 anti

219 2267 295 2309 curn
320 2245 487 2327 integrum
509 2244 716 2307 exhiberent.
764 2240 929 2309 Distoma
956 2249 1165 2313 clavatumn.

220 2346 272 2421 65.
295 2346 331 2406 in
353 2347 503 2408 Scombri
526 2343 705 2408 Pelamidis
726 2342 921 2413 ventriculo
947 2347 1163 2434 habitans‚d

219 2445 332 2515 exciso
355 2453 500 2513 maxime
524 2448 673 2511 alienum
697 2461 757 2509 est.

331 2551 400 2613 Obs
433 2568 460 2612 a.
483 2552 527 2611 In
550 2570 635 2628 aqua
658 2548 711 2608 cui
726 2545 842 2612 Coliae
864 2550 1041 2617 intestina
1063 2550 1164 2617 immis'

216 2650 320 2719 Junio
352 2667 383 2714 et
410 2652 502 2713 Julio
534 2649 664 2711 minora
695 2671 831 2730 quoque
864 2653 1068 2720 Distornata
1105 2676 1164 2719 non

216 2755 309 2814 nulla
332 2753 460 2834 reperi,
496 2772 581 2834 quae
617 2751 762 2835 primum
791 2773 852 2833 pro
876 2755 928 2815 D.
953 2761 1068 2821 excisi
1091 2760 1165 2842 prole

219 2853 333 2926 habui,
358 2855 506 2935 ideoque
530 2853 565 2915 in
588 2854 734 2936 Synopsi
754 2875 825 2916 non
846 2859 1000 2921 seorsim
1025 2858 1166 2934 indicari.

217 2974 304 3037 quae
328 2957 501 3037 propriam
524 2973 634 3017 tamen
661 2956 821 3037 elfingent
843 2960 1019 3039 speciem,
1043 2966 1093 3026 uti
1114 2966 1165 3049 plu

214 3057 290 3117 rimi
324 3059 432 3138 pisces
465 3061 595 3124 duobus
632 3057 769 3118 obnoxii
799 3074 878 3120 sunt
914 3062 1165 3142 Distomatibus,

216 3178 361 3236 quorum
389 3164 530 3223 alterum
562 3157 804 3235 ventriculum,
840 3161 993 3229 alterum
1025 3167 1166 3235 intestinz

216 3273 320 3326 tenet.

322 3362 414 3425 Alba
438 3378 526 3427 sunt.
550 3365 675 3426 lineam
697 3384 768 3425 non
793 3365 1025 3449 excedentia,
1056 3368 1166 3441 teretia

216 3478 310 3543 parte
333 3465 458 3544 postica
486 3466 658 3537 tenuiore,
689 3467 748 3527 sed
777 3465 870 3525 haud
903 3473 1167 3556 appendiculam

218 3567 308 3626 vasis
332 3565 448 3627 oaricis
470 3568 664 3629 lateralibus
683 3566 876 3630 racemosis.

271 3717 332 3809 96.
357 3723 524 3797 Distoma
550 3725 688 3794 alatum
713 3732 758 3795 R.

324 3865 428 3952 Quod
467 3871 549 3931 olim
584 3873 619 3933 in
655 3869 758 3951 Vulpe
791 3881 931 3935 tantum
961 3875 1168 3947 offendimus.
