2452 4478
563 247 850 336 ..2464-

226 421 423 483 alternante.
438 418 484 481 In
501 413 728 500 plurimorum
757 411 955 478 ovariorum
972 413 1090 481 medio
1105 439 1180 502 pun.

226 536 316 591 ctum
338 519 553 603 prominens,
575 540 617 580 an
639 517 842 581 lemniscusi

334 638 478 721 Ligulae
495 637 620 699 Ardeae
634 639 865 720 Nycticoracis
873 636 1048 720 specimen
1071 640 1181 705 decem

226 739 370 826 pollices
393 739 572 815 excedens,
595 740 679 832 duas
702 753 816 802 tresve
848 742 955 804 lineas
976 742 1106 817 iatum,
1131 764 1180 805 au·

226 846 293 908 tice
309 841 577 915 munusculum,
590 853 738 902 ceterum
755 857 978 915 attenuatum,
991 843 1180 906 ovariorum

228 945 382 1010 ovalium
407 941 680 1002 transversalium
710 942 797 1007 serie
827 945 975 1005 solitaria
1001 946 1181 1029 irregulari,

227 1050 287 1112 vel
308 1041 432 1128 passim
457 1041 529 1105 fere
552 1045 775 1108 alternorum.
821 1049 865 1108 In
893 1048 1055 1129 opposito
1087 1051 1179 1113 latere

173 1138 176 1145 ¹
226 1149 320 1214 linea
340 1143 597 1226 longitudinalis
620 1145 780 1227 impressa
803 1149 919 1211 adfuit.

325 1259 554 1347 Speciminum
575 1264 611 1323 in
626 1266 738 1326 Fulica
756 1269 959 1350 olrloropode
974 1281 1178 1351 repertorum

169 1401 173 1407 ’
227 1373 414 1452 fragmenta
436 1361 581 1442 aliquot,
606 1377 671 1427 tres
694 1369 734 1428 ad
758 1371 910 1450 quinque
939 1393 1022 1433 cum
1045 1371 1176 1433 dimidio

227 1471 371 1559 pollices
392 1469 504 1544 longa,
528 1464 610 1526 duas
628 1467 756 1533 circiter
777 1472 886 1536 lineas
909 1477 989 1547 lata,
1022 1471 1177 1537 attenuari

227 1566 440 1654 incipientia
470 1565 594 1628 ovariis
620 1569 739 1633 rimam
770 1576 1008 1639 referentibus·
1025 1588 1178 1638 transver·

227 1696 310 1752 sam,
331 1669 420 1735 serie
440 1667 540 1730 unica
563 1669 731 1752 dispositis
754 1679 812 1739 vel
830 1677 952 1764 passim
974 1675 1125 1745 alteruis.

335 1789 478 1872 Ligulae
515 1789 652 1852 Sternoe
683 1797 795 1875 nigrae
828 1795 1010 1877 specimina
1038 1797 1179 1879 complu·

229 1914 285 1978 n,
314 1907 381 1957 tres
404 1893 446 1952 ad
468 1889 624 1971 quinque
643 1896 783 1976 pollices
812 1898 929 1978 longa,
963 1898 1022 1958 vel
1048 1897 1177 1980 piscina,

227 2001 289 2077 vel
311 1993 507 2060 ovariorum
531 1995 618 2056 serie
637 1999 783 2060 solitaria
805 1999 1080 2072 autalternante3
1102 1997 1178 2060 illud

228 2110 369 2172 Sternae
389 2096 588 2159 Hirtrndinis
610 2110 673 2159 tres
697 2116 774 2161 cum
796 2098 937 2160 dimidio
960 2098 1105 2180 pollices
1116 2101 1179 2162 lon·

228 2227 321 2290 gum,
334 2204 439 2262 lineas
457 2199 538 2256 duas
561 2200 675 2278 latum,
696 2202 872 2282 piscinum,
886 2205 1178 2281 crassum,1absque

227 2303 427 2371 ovar-iorum
440 2298 577 2372 indici03
591 2302 814 2383 fragmentum
830 2304 1178 2384 veropraetereaejus·

227 2416 311 2476 dem
334 2407 446 2468 aderat
468 2404 656 2483 pollicere,¹
685 2406 766 2466 duas
801 2405 909 2467 tertias
940 2403 1051 2469 lineae
1074 2422 1177 2489 partes

227 2516 348 2584 latum,
370 2509 578 2585 depressum,
601 2505 693 2585 apice
714 2508 955 2581 obtusiusculo
972 2507 1146 2572 discreto..

329 2625 452 2708 Ligula
474 2626 596 2685 Anatis
617 2626 803 2686 Boschadc‘s
816 2621 916 2709 serae
935 2624 1095 2706 quinque
1108 2649 1178 2690 cum

227 2731 371 2800 'dimidio
393 2725 533 2810 pollices
561 2727 679 2806 longa,
707 2739 772 2788 tres
795 2727 899 2789 lineas
921 2729 1002 2803 lata,
1032 2735 1179 2812 margine

230 2837 409 2906 undulato,
432 2825 575 2910 piscina,
599 2826 679 2888 hinc
700 2851 765 2910 ope
787 2829 897 2891 lineae
920 2831 1052 2894 mediae
1076 2853 1180 2894 exara·

230 2957 279 3015 ta,
315 2934 411 2999 illinc
446 2942 558 2995 tamen
592 2928 788 2993 ovariorum
820 2929 961 3014 vestigia
995 2934 1111 3000 obiter.
1136 2934 1180 2996 iu·

229 3044 330 3111 dicat·

337 3155 474 3241 Ligulas
503 3154 584 3220 huic
623 3150 745 3236 speciei
773 3156 925 3233 tributas,
953 3172 1077 3218 omnes
1107 3150 1180 3236 jure

228 3263 298 3331 huc
319 3264 436 3324 relatas
461 3280 545 3336 esse,
568 3278 639 3320 non
660 3256 819 3336 jurarem.

281 3431 319 3508 5.
344 3418 480 3516 Ligula
505 3413 641 3486 nodosa
667 3418 711 3490 tt.

341 3567 395 3628 Ob
415 3575 539 3645 puncta
559 3562 671 3626 lineae
694 3560 825 3626 medice
849 3555 1008 3641 inscript-a
1038 3560 1181 3642 speciem
1220 3578 1222 3589 ·

231 3666 359 3731 hancce
383 3665 505 3728 ovariis
529 3667 678 3729 evolutis
708 3665 900 3726 instructam
924 3665 1002 3723 Eut.
1021 3663 1076 3725 11.
1102 3683 1131 3726 u.
1151 3683 1180 3742 p.

234 3783 287 3849 17.
310 3767 492 3846 suspicatus
514 3788 603 3839 sum3
626 3767 778 3829 ulteriori
808 3784 919 3829 tamen
945 3763 1098 3826 examini
1115 3782 1180 3828 ver·

232 3891 326 3942 mem
346 3870 511 3937 Salmonis
536 3873 671 3936 stultae
691 3870 967 3938 commendatum
990 3870 1111 3953 velim,
1129 3881 1178 3931 ne·
