2408 4478
521 248 809 339 -sse-

192 428 317 495 distans
339 419 454 487 minor
475 418 558 497 (tam
582 436 686 498 porus
710 404 987 497 quam'ostium
1013 414 1161 499 nicenii

194 536 300 598 rarius
323 527 488 589 ostiolum
513 523 604 582 inter
638 516 824 599 utrumque
863 539 1003 600 porum
1031 524 1070 587 in
1097 546 1160 587 cor

195 647 347 719 spectum
369 625 477 699 venit,
502 623 598 704 cujus
620 636 734 685 tamen
751 622 881 684 cirrum
903 640 1087 689 exsertum
1101 648 1156 689 nou

195 736 280 805 vidi.
323 734 405 795 Pars
423 730 530 793 antica
553 730 626 789 sive
647 727 764 789 collum
783 724 1027 805 utplurimum
1050 740 1156 789 antru-

198 858 275 905 sum
296 838 591 912 subaugustatum,
615 829 786 891 interdum
806 841 1009 891 retrorsum
1030 832 1157 895 attenu's

200 960 289 1027 gum,
319 938 413 1019 apice
441 932 554 995 antico
583 928 720 1014 sem‘pe'r
740 932 879 992 obtuso.
934 930 1072 1014 Corpus
1090 931 1155 995 circi

201 1059 235 1110 et
255 1061 349 1124 pone
372 1058 495 1118 porum
508 1037 696 1100 ventralem
717 1018 938 1107 latissimum,
964 1048 1041 1096 tum
1064 1035 1152 1097 decre·

202 1165 315 1217 scens,
337 1140 431 1223 apice
454 1138 585 1220 postico
607 1134 853 1199 obtusiusculo.
912 1136 1031 1199 Hunc
1065 1138 1151 1200 Fris

202 1269 282 1315 ncu
304 1263 404 1327 quam
429 1241 633 1304 anteriorem
662 1238 818 1301 latiorem
846 1228 975 1321 r'eiert,
1010 1238 1149 1321 quodiu

175 1390 179 1399 ·
203 1354 296 1419 hisce
319 1345 561 1429 speciminibus
582 1344 703 1405 saltem
725 1360 799 1402 non
821 1339 908 1403 vidi.

258 1516 321 1599 47.
348 1504 519 1574 Dictoma
541 1486 755 1571 'tereticolle
780 1504 826 1573 R.
851 1500 952 1574 Tib.
980 1516 1016 1570 2.
1044 1474 1149 1595 Figss„

235 1634 238 1639 ¹
317 1651 376 1714 De
399 1645 633 1711 excrescentiis
653 1644 691 1706 in
722 1642 823 1725 hujus
846 1654 1001 1727 corpore
1025 1648 1152 1709 obrem

209 1761 252 1823 tis
271 1750 308 1821 ¹et
330 1749 504 1816 delineatis
527 1748 645 1811 confer
666 1743 855 1811 sectionem
874 1750 1073 1814 Mantissae
1093 1746 1153 1811 im

212 1875 389 1945 quentem.
770 1835 776 1847 ’

320 1957 432 2025 Aliud
457 1952 554 2016 Lucii
567 1954 722 2014 Distoma
741 1955 828 2014 inter
849 1946 960 2015 dubia
982 1972 1021 2019 n.
1046 1964 1155 2033 Isau·

149 2056 154 2073 ⁸
215 2068 333 2144 currit,
370 2061 555 2136 forsanque
588 2056 634 2119 D.
672 2068 859 2117 truncatum
889 2078 926 2120 n.
955 2068 1033 2136 159¹.
1055 2054 1156 2119 Arm

217 2182 377 2235 emmo
402 2158 529 2222 dictum
553 2160 598 2221 Ι).
615 2157 802 2221 tereticolle
829 2160 1001 2223 mutilum
1026 2174 1091 2229 est.

268 2332 330 2409 48.
357 2318 527 2390 Distoma
552 2316 801 2415 gelatinosum
826 2322 870 2387 R.
897 2342 937 2388 n.
964 2344 1022 2414 sp.

327 2451 517 2513 Testudinis
545 2449 671 2531 Mydac
696 2444 864 2510 intestinis
895 2445 1065 2511 Arimini
1094 2438 1161 2524 litio

221 2575 328 2640 aquae
349 2547 548 2624 commissis,
560 2548 595 2611 in
619 2549 679 2609 hac
700 2570 829 2614 novem
851 2550 971 2631 reperi
985 2552 1162 2615 Distomau

222 2681 308 2743 quae
330 2656 478 2740 primum
500 2675 562 2734 pro
592 2672 692 2713 muco
721 2649 911 2735 gelatinoso
945 2655 991 2715 ab
1023 2649 1164 2715 intestinis

222 2765 338 2827 soluto
363 2754 476 2819 habui.

331 2863 488 2924 Entozoa
518 2878 577 2921 sex
607 2856 648 2918 ad
678 2854 798 2917 decem
826 2852 935 2915 lineis
962 2856 1084 2941 longa,
1104 2849 1169 2917 diui·

212 2964 313 3045 ,diam
335 2963 376 3025 ad
400 2963 483 3023 duas
508 2963 618 3023 tertias
648 2956 758 3020 lineae
791 2972 900 3038 partes
930 2961 1025 3040 lata,
1065 2960 1172 3041 depm

225 3068 389 3138 simmia,
421 3061 580 3141 utrinque
610 3060 735 3142 passim
765 3073 938 3125 contracta
971 3066 1038 3127 vel
1073 3066 1175 3127 subm

225 3185 314 3243 nata,
338 3180 528 3228 antrorsum
552 3164 657 3245 magis
679 3158 853 3233 attenuata,
878 3161 1058 3247 utrinque
1076 3168 1177 3233 obtusi

226 3270 408 3356 plurimam
431 3280 559 3347 partem
585 3265 767 3347 diaphana,
790 3267 884 3345 alba,
908 3264 997 3328 stria
1021 3258 1179 3353 longitudi·

223 3372 298 3453 ¹mli
320 3369 431 3433 media
449 3369 695 3451 aliquantulum
718 3367 754 3431 in
775 3367 907 3431 flavum
930 3383 1123 3453 vergente.

338 3491 448 3552 Porus
483 3491 615 3548 anticus
654 3484 779 3567 (capite
818 3481 992 3565 discreto)
1033 3490 1181 3572 globum!-

220 3589 356 3670 .major,
384 3589 547 3653 centralis
571 3604 740 3662 remotus,
764 3585 922 3667 ejusdem
953 3588 1111 3663 formae.
1133 3587 1182 3649 sert

231 3692 339 3772 duplo
370 3689 493 3755 minor.
537 3694 634 3755 Inter
656 3707 837 3770 utrumque
875 3694 1020 3758 macula
1049 3686 1179 3762 rotundi

233 3793 375 3875 exigua,
404 3791 479 3854 cirri
502 3797 760 3876 receptaculum.
811 3789 849 3855 A
876 3814 973 3876 poro
1003 3795 1117 3860 antico
1143 3799 1181 3851 vil

232 3909 359 3975 tenue,
393 3890 537 3979 simplex
558 3897 682 3978 oritur,
711 3895 806 3980 quod
833 3896 896 3964 ubi
922 3918 1060 3983 porum
1079 3904 1179 3965 ventu·
