2452 4478
573 219 627 286 '··.·
675 217 752 299 458
802 222 856 286 '¹ss

288 391 345 468 15.
371 379 676 470 Tetrarhynchus
699 378 933 476 Argentinae·

282 605 285 611 .
338 520 421 589 Ena
444 528 491 588 11.
517 541 544 588 r.
566 549 599 618 p.
622 543 696 604 322.
719 549 754 589 n.
776 543 807 604 3.
830 528 872 591 T.
895 527 1086 610 elongatus.

339 631 413 698 cet.
438 632 531 708 Rana
561 631 599 692 in
621 634 822 713 Argentinae
850 630 1064 713 Spltyraenae
1091 628 1179 694 abdo·

231 731 325 810 mine
348 733 487 815 reperit.
620 747 623 751 ’

287 896 343 971 tl.
370 892 673 984 Tetrarhyrtchus
697 878 914 965 Morhutte·=

337 1037 416 1098 Eut.
440 1040 490 1119 IL
522 1059 545 1100 ι.
566 1062 598 1122 p.
623 1052 696 1116 324.
720 1061 754 1103 n.
778 1052 810 1114 4.
828 1041 871 1104 Τ.
893 1037 1078 1118 Morhuae.

289 1187 292 1192 .
317 1139 388 1200 Cel.
412 1139 650 1212 Auruncae-an
682 1142 719 1203 in
747 1143 842 1206 Gado
870 1145 1014 1210 Morlrua
1037 1134 1178 1222 offendit·

316 1241 452 1323 Species
475 1265 508 1303 n.
536 1261 582 1320 ¹3·
606 1259 641 1307 et
665 1259 714 1321 14.
732 1244 916 1314 memoriae
937 1247 1039 1328 lapsu
1059 1241 1177 1326 iuSyn·¹

230 1341 307 1429 opsi
328 1365 401 1406 non
424 1343 636 1428 enumeravi.
711 1370 714 1376 ’

391 1599 559 1680 Genus
596 1590 788 1688 XXIII.
826 1603 1028 1698 Ligula..

323 1783 479 1867 ‘Ligulae
507 1785 658 1855 Piscium
687 1792 768 1863 olim
792 1793 885 1852 solae
909 1786 1067 1870 cognitae
1089 1783 1177 1867 fabri·

229 1909 301 1951 cam
321 1887 600 1970 simplicissimam
637 1892 876 1965 exhibuerunt,
914 1911 1029 1971 neque
1051 1887 1178 1966 Avium

226 1990 370 2074 Ligulae
388 1991 545 2054 Brocuro
571 2008 605 2056 et
622 1994 762 2056 Goszro
785 1993 880 2076 visae·
898 1995 1002 2076 magis
1022 1995 1178 2075 composi·

227 2110 295 2156 tam
319 2096 519 2176 probarunt;
546 2094 618 2177 ipse
647 2096 684 2160 in
714 2096 955 2177 speciminibus
984 2092 1178 2178 Ligularum

226 2196 330 2260 variis
351 2199 388 2256 in
410 2199 529 2260 avibus
552 2183 758 2278 repertarum
774 2197 1065 2280 Entozoologiatn
1083 2198 1177 2260 eden·

227 2302 273 2361 do
296 2297 433 2360 nonnisi
456 2304 574 2362 avaria
600 2299 736 2372 inveni3
772 2302 989 2380 postmodum
1018 2305 1120 2362 etiam
1146 2300 1179 2361 in

227 2401 344 2465 avium
366 2401 495 2482 Ligulis
523 2403 687 2482 genitalia
714 2405 874 2475 masculo,
904 2401 978 2464 sive
1001 2404 1177 2479 lemniacos,

227 2507 382 2586 detegere
405 2501 488 2564 mibi
512 2505 666 2586 contigit;
690 2509 890 2566 Baausauus
905 2504 1041 2565 tandem
1068 2505 1106 2570 in
1124 2509 1179 2568 Pe·

225 2606 335 2670 lecani
359 2607 521 2667 Carbonis
544 2607 665 2688 Ligula
688 2619 788 2687 capnt
811 2605 953 2681 detexit,
976 2606 1029 2667 illi
1052 2605 1179 2670 Bothri·

226 2710 474 2793 ocephalorum
496 2709 700 2791 simplicium
724 2707 843 2770 simile.

331 2834 375 2892 In
400 2829 541 2910 piscium
564 2826 694 2910 Ligulis
716 2826 802 2888 nibil
826 2824 1006 2908 detegitur,
1029 2827 1096 2892 nisi
1120 2831 1181 2892 for·

226 2955 285 2996 san
307 2933 430 3016 Ligula
452 2927 805 3023 Truttaexexcipientla
828 2945 889 3009 est,
913 2932 955 2992 de
980 2953 1048 3010 quo
1072 2949 1183 2996 tamen

225 3037 377 3099 dubitare
399 3035 484 3097 licet,
530 3034 654 3112 Neque
681 3033 952 3117 observatoribus
983 3036 1069 3096 illud
1101 3037 1182 3097 vitio

223 3140 433 3202 vertendum
455 3149 513 3208 est,
539 3156 671 3195 summa
694 3134 784 3197 enim
806 3136 986 3198 sedulitate
1011 3151 1044 3197 et
1068 3128 1186 3220 saepis-

224 3246 308 3305 sime
336 3241 409 3302 illas
438 3236 628 3301 examinavi
657 3252 689 3298 et
722 3237 880 3309 dissecat,
918 3237 979 3298 sed
1007 3259 1183 3319 nunquam

222 3344 378 3428 genitalia
399 3343 457 3404 vel
481 3341 559 3402 alias
585 3354 692 3420 partes
716 3339 894 3401 dissimiles
916 3339 1035 3421 reperi.
1059 3342 1183 3422 Neque

224 3438 340 3509 avium
351 3446 493 3527 Ligulae
515 3463 657 3524 semper,
682 3458 738 3504 aut
751 3456 840 3516 totae
865 3444 904 3500 ab
920 3441 985 3502 illis
1008 3442 1180 3506 differunt.

223 3549 331 3628 Saepe
372 3545 509 3628 piscinis
545 3542 754 3622 simillimae,
789 3545 891 3603 tlurae
932 3557 964 3604 et
994 3563 1185 3628 compactae

224 3648 380 3710 discissae
411 3648 629 3708 substantiam
665 3662 768 3707 totam
802 3644 1070 3726 homogeneam,
1108 3648 1184 3710 alias

224 3765 336 3812 autem
370 3748 458 3810 hanc
491 3749 632 3811 illamve
672 3762 802 3809 tantum
836 3763 964 3829 partem
1004 3751 1184 3824 alteratam,

224 3848 350 3940 ovariis
375 3865 408 3915 et
429 3850 596 3916 lemniscis
615 3850 805 3935 insignem,
834 3849 980 3934 reliquas
1003 3873 1091 3920 vero
1112 3851 1182 3939 pari
