2452 4478
574 240 862 314 -660-

206 463 213 473 ,
238 365 357 488 inedie
384 405 582 488 incrassata,
619 410 714 475 haud
746 419 863 471 tamen
904 402 1108 493 odinum
1130 410 1199 475 mse.

240 541 360 589 tenua.

352 657 392 719 C.
413 649 603 736 specimina
630 663 792 733 quatuor,
826 667 991 729 quorum
1019 669 1131 712 unum
1143 671 1195 713 m.

247 763 397 832 sculum,
427 760 465 817 in
486 754 654 818 intestinis
680 751 893 832 caprimulgi
910 750 1056 816 Urucau
1077 748 1194 836 reperta.

244 877 323 936 tres⁴
335 871 527 942 quatuorve
547 856 657 918 lineas
677 856 793 938 longa.

270 978 273 983 ¹
354 995 496 1057 Horum
516 1013 626 1053 unum
645 1004 751 1073 caput
764 995 922 1057 -ttivaloe
944 991 1126 1069 exhibuit,
1146 994 1193 1057 vai

249 1096 343 1162 vulis
361 1096 508 1160 obtusis.
550 1093 682 1174 corpus
702 1109 867 1174 ceterum,
886 1097 1029 1176 spicula
1050 1097 1152 1178 longa
1165 1094 1193 1155 io

248 1201 363 1271 lincea,
381 1196 497 1258 ovatia
508 1197 675 1276 prolapsa,
688 1219 764 1272 ova,
778 1199 894 1258 omnia
915 1199 1063 1265 eadem.
1090 1196 1195 1259 calla

251 1301 414 1363 masculae
436 1319 522 1378 apex
548 1297 697 1360 reflexus
719 1312 785 1374 est,
804 1299 902 1378 quod
919 1301 1031 1361 etiam
1053 1295 1096 1361 in
1118 1300 1193 1362 altero

255 1404 441 1485 specimine
465 1402 505 1460 in
535 1401 668 1462 cuculo
694 1414 833 1509 reperto
863 1401 1061 1467 observavi
1078 1414 1122 1466 et
1142 1397 1194 1465 «si

251 1505 389 1569 dentale
407 1500 542 1582 putati

356 1634 1063 1721 D.Am‚13umaspecmtna,·quae
1085 1632 1194 1719 inspice¹

252 1762 336 1816 rem,
356 1757 501 1820 quoque
521 1739 950 1804 mecum‘communicavit
970 1742 1196 1804 masculunet

251 1839 473 1908 femineum
464 1861 501 1900 m
514 1840 680 1904 intestinis
709 1841 919 1924 caprimulgi
941 1864 980 1906 ιι.
1004 1857 1064 1923 94.
1085 1853 1196 1925 repetit,

250 1966 315 2010 sex
338 1959 372 2010 et
391 1957 522 2027 septem
544 1941 650 2006 lineas
671 1945 784 2026 longa,
804 1965 888 2030 ergo
899 1966 1056 2028 majora,
1068 1959 1197 2011 cetenn
1225 1975 1226 2041 j

251 2049 385 2112 eadem.

359 2183 403 2249 E.
421 2182 552 2245 Eadem
577 2204 716 2264 quoque
739 2183 969 2248 Nematoidea
993 2183 1036 2248 in
1049 2184 1196 2253 *intestini

260 2285 461 2368 Caprimulgi
481 2289 656 2349 Bacaurau
688 2285 767 2348 dicti
795 2308 814 2347 a
834 2287 1069 2355 NATTERERO
1100 2295 1198 2357 detecn
1225 2275 1226 2282 ἵ

256 2407 341 2465 esse,
364 2387 481 2451 litteris
504 2388 694 2455 mandavit.

367 2525 448 2586 obs
474 2524 584 2586 Cuculi
607 2536 640 2585 et
662 2527 824 2588 Bucconis
838 2524 1059 2599 Ascaridem
1083 2536 1198 2598 eandem

254 2643 347 2703 esse,
376 2625 485 2687 laetus
510 2623 599 2698 vidi,
624 2645 704 2686 cum
723 2625 829 2706 ipsam
861 2649 947 2691 vero
973 2631 1018 2695 in
1047 2633 1199 2721 caprimul·

248 2732 326 2808 gis
320 2725 430 2789 etiam
449 2712 591 2790 obviam
615 2727 791 2808 noverim,
824 2729 891 2791 hoc
910 2730 1077 2812 primum
1102 2756 1199 2802 anona

254 2830 331 2889 lum
354 2827 467 2891 visum
490 2843 559 2900 est,
528 2830 644 2891 tsed
666 2830 784 2891 avibus
799 2830 901 2892 dictis
924 2838 1048 2901 victus
1068 2842 1199 2918 idem‚et

253 2931 377 2994 Cuculi
400 2944 433 2993 et
456 2928 680 3013 Caprimulgi,
712 2953 791 3013 ergo
822 2931 929 2996 etiam
953 2936 1067 3022 hujus
1098 2944 1199 3008 etBuo

251 3035 348 3095 e‘onis
372 3031 634 3094 similitudinem
656 3035 824 3113 quandam
841 3053 928 3112 esse,
953 3045 1083 3124 negari
1105 3040 1198 3124 nequit

253 3133 290 3192 Si
313 3133 444 3214 species
469 3148 585 3197 tamen
609 3134 719 3197 minus
743 3135 897 3197 distincta
921 3139 1033 3220 foret,
1055 3169 1144 3210 error
1160 3145 1197 3205 iot·

251 3252 313 3294 san
337 3233 516 3311 obtineret,
539 3237 601 3299 sed
622 3235 771 3313 Ascuris,
795 3259 899 3316 quam
924 3238 1113 3329 descripsi,
1134 3240 1195 3309 forti

250 3348 327 3416 pata
355 3338 397 3397 ab
429 3337 589 3399 omnibus
624 3339 764 3419 reliquis
793 3354 981 3423 tantopere
1014 3350 1192 3426 recedit,ut

248 3437 323 3499 fere
352 3439 394 3499 de
420 3459 552 3520 genere
584 3441 791 3518 dubitarem,
830 3457 863 3505 et
900 3447 1127 3514 valvularum
1152 3465 1187 3529 spt

252 3537 344 3599 ciem
367 3543 472 3603 semel
501 3554 630 3603 tantum
658 3544 771 3605 visam
796 3565 872 3605 non
904 3553 1034 3633 magni
1062 3556 1185 3618 haberet

255 3639 323 3698 nisi
342 3641 505 3720 genitalia
523 3648 677 3708 mascula
699 3645 825 3728 speciei
842 3656 1103 3737 praecedentis,
1124 3651 1183 3716 certi

251 3740 336 3803 time
366 3741 558 3822 Ascaridis,
595 3749 788 3835 analogiam
810 3749 1003 3846 offerrent*²
1037 3773 1073 3826 et
1099 3751 1182 3823 habiti
1225 3832 1226 3838 ἵ

252 3838 355 3922 hujus
378 3861 465 3911 esset
485 3847 631 3931 generis,
