2408 4478
399 271 452 336 ’.ὲ
508 287 600 369 2455
639 289 705 337 ·....·.

54 438 165 515 xima,
186 455 332 506 attamen
353 447 550 525 praesertim
571 443 841 513 caudafeminea'
857 445 1028 522 distinctam

50 543 183 623 vagina
205 547 304 624 penis
325 544 447 609 itidem
471 549 606 612 diversa
625 538 775 615 videtur.

169 646 253 713 obs.
275 665 307 710 2.
349 650 479 713 Eadem
503 656 632 734 species
656 655 779 716 eodem
800 654 877 714 loco
901 651 939 714 in
961 655 1022 717 Hr-

53 748 201 809 rundine
221 753 346 811 rustica
369 767 401 813 et
420 758 549 835 riparia
573 756 789 822 occurris-G.
811 755 852 815 E.
875 754 924 816 V.
1024 771 1033 829 s

118 901 174 974 15.
202 891 415 984 Spiroptera
447 894 676 1000 Cystidicola
702 904 767 972 R,

166 1034 245 1114 Eut.
271 1051 299 1102 Ι.
321 1058 355 1118 p.
380 1053 452 1102 122.
473 1052 551 1122 nt.
567 1036 1021 1125 Ophiosto'ma'Cystidicola.

89 1127 94 1137 ¹
170 1133 256 1199 Am.
295 1134 461 1200 Bnarrsnn
493 1154 526 1203 et
565 1144 667 1204 Orro
692 1139 796 1204 multa
836 1135 1026 1218 specimina¹

56 1234 228 1299 miserunt
263 1240 299 1299 in
336 1243 500 1306 Salmonis
531 1248 684 1306 Farionir
702 1244 831 1306 ‘vesica
859 1237 1028 1302 natatoria

58 1338 128 1399 sibi
151 1339 265 1404 obvia.
325 1343 407 1423 Ipse
429 1345 584 1407 Berolini
607 1366 723 1407 versus
748 1345 853 1429 linem
872 1341 1026 1403 Novem}

57 1443 129 1500 bris
150 1439 186 1500 in
209 1445 359 1507 salmone
384 1447 550 1532 Thymollo
572 1448 645 1509 laco
684 1449 838 1530 Brocrrn
872 1445 949 1504 satis
973 1461 1025 1502 co·

58 1547 165 1625 piose,
182 1543 217 1605 in
241 1545 354 1609 vesica
378 1547 465 1608 dicta
497 1563 530 1627 et
563 1547 609 1609 ita
649 1549 791 1628 quidem
813 1543 941 1625 reperi,
986 1555 1026 1605 ut

58 1645 189 1725 majora
210 1648 391 1728 specimina
413 1650 450 1710 in
471 1649 570 1728 hujus
594 1670 737 1734 corpore
760 1663 794 1712 et
816 1640 933 1725 cauda,
965 1636 1025 1706 mi'·¹
1061 1698 1062 1706 ,

58 1771 146 1810 nora
169 1771 253 1811 vero
278 1769 395 1810 versus
420 1750 572 1830 ejusdem
596 1753 734 1812 ductum
759 1748 1021 1837 oesophageum'

60 1866 293 1924 occurrerent3
317 1853 422 1932 quid?
459 1852 552 1932 quod
577 1853 645 1914 duo
668 1852 705 1912 in
727 1853 802 1932 ipso
827 1849 1022 1932 oesophago
1072 1846 1075 1854 ’

59 1954 194 2033 inveni,
213 1955 311 2015 nullo
334 1937 438 2022 modo
461 1977 481 2016 a
502 1954 640 2044 reliquis
665 1942 925 2036 distinguenda,
1000 1962 1016 1990 ’·

171 2072 377 2153 Spiropteras
416 2092 508 2154 meas
540 2085 603 2156 per
629 2057 841 2149 triduu'min
861 2090 948 2153 aqua
968 2067 1022 2132 fri·
1119 2082 1122 2088 '

59 2173 140 2265 31(st
162 2164 258 2237 vivas
281 2172 429 2250 servavi.
752 2190 755 2195 ’

79 2264 85 2274 ’
172 2276 305 2338 Coloris
327 2288 404 2337 sunt
422 2273 528 2351 nivel,
573 2274 738 2357 quinque
767 2275 808 2338 ad
831 2273 1023 2340 octodecim

60 2380 168 2439 lineas
191 2381 330 2462 longae,
374 2376 600 2461 longitudinis
628 2376 760 2443 ratione
787 2377 901 2442 habita
920 2380 1022 2445 valde

59 2493 190 2540 tenues.

175 2583 224 2644 Os
245 2585 451 2659 orbiculare,
495 2580 532 2644 in
566 2581 658 2645 vivis
691 2603 791 2664 saepe
814 2579 947 2664 papillis
970 2603 1023 2645 exa

58 2682 224 2746 stantibu’s
248 2687 393 2746 cinctum
416 2684 540 2747 visum.
587 2684 710 2765 Corpus
743 2698 936 2749 antrorsum
958 2705 1023 2749 ma·

57 2785 112 2867 gis
135 2800 354 2850 attenuatum.
418 2787 537 2851 (lauda
567 2790 670 2859 maris
704 2786 827 2865 spiram
851 2787 1021 2870 duplicem

57 2887 208 2970 effingit3
238 2889 297 2950 alis
319 2891 512 2963 lateralibus
533 2889 779 2971 mediocribus3
806 2892 902 2969 apice
925 2887 1022 2950 tenui

55 2992 222 3063 incurv03
264 2994 392 3073 spiculo
428 2991 505 3056 satis
541 2995 662 3076 longo.
727 2988 841 3058 Gauda
870 2979 1022 3062 feminae

58 3090 210 3167 crassior,
235 3094 402 3176 depressa,
427 3096 665 3159 obtusiuscula.

168 3194 273 3258 Tubus
292 3199 499 3267 interstratis
517 3212 642 3274 rectus,
684 3193 721 3259 in
743 3194 946 3278 quibusdam
966 3212 1022 3255 an·

55 3294 182 3359 teriora
206 3309 299 3378 parte
330 3297 455 3380 passim
484 3300 594 3378 obiter
615 3301 825 3376 constrictus,
850 3295 946 3378 quasi
967 3316 1016 3358 ar·

53 3398 227 3464 ticulatus.
410 3470 411 3474 ,
621 3410 622 3413 ’

124 3524 130 3527 ·’
167 3503 251 3563 Obs.
279 3504 469 3567 Frscnrrus
507 3502 747 3587 Cystidicolam
783 3499 1018 3574 describendo,

56 3603 245 3684 specimina
277 3607 395 3668 mutila
433 3621 467 3670 et
493 3623 686 3690 putrescere
703 3601 915 3685 'incipientia
935 3621 1016 3685 prae
1034 3611 1043 3661 ’.

55 3705 167 3766 oculis
189 3706 316 3781 habuit,
360 3730 428 3788 quo
451 3711 574 3783 factum
599 3725 665 3788 est,
701 3697 885 3782 ut‘omnia,
931 3724 1020 3786 quae

55 3809 102 3868 de
129 3806 254 3870 iisdem
282 3811 418 3886 reserat,
462 3813 637 3888 falsissima
666 3809 743 3884 sint.
789 3809 882 3871 Cutis
912 3807 1015 3899 hujus

54 3908 183 3999 speciei
204 3909 303 3974 lacile
324 3907 469 3976 laeditur
491 3932 523 3978 et
544 3916 617 3997 ipse
651 3909 835 3996 specimina
873 3912 942 3988 duo
974 3907 1018 4003 la·
