<?xml version="1.0" encoding="UTF-8"?>
<!DOCTYPE html PUBLIC "-//W3C//DTD XHTML 1.0 Transitional//EN"
    "http://www.w3.org/TR/xhtml1/DTD/xhtml1-transitional.dtd">
<html xmlns="http://www.w3.org/1999/xhtml" xml:lang="en" lang="en">
 <head>
  <title>
</title>
<meta http-equiv="Content-Type" content="text/html;charset=utf-8" />
  <meta name='ocr-system' content='tesseract 3.04.00' />
  <meta name='ocr-capabilities' content='ocr_page ocr_carea ocr_par ocr_line ocrx_word'/>
</head>
<body>
  <div class='ocr_page' id='page_1' title='image "./entozoorumsynop00rudogoog/entozoorumsynop00rudogoog_0211.png"; bbox 0 0 2408 4478; ppageno 0'>
   <div class='ocr_carea' id='block_1_1' title="bbox 532 298 827 377">
    <p class='ocr_par' dir='ltr' id='par_1_1' title="bbox 532 298 827 377">
     <span class='ocr_line' id='line_1_1' title="bbox 532 298 827 377; baseline -0.02 0"><span class='ocrx_word' id='word_1_1' title='bbox 532 316 597 336; x_wconf 91' lang='lat'><strong>·-·</strong></span> <span class='ocrx_word' id='word_1_2' title='bbox 654 298 724 377; x_wconf 84' lang='lat'><strong>¹98</strong></span> <span class='ocrx_word' id='word_1_3' title='bbox 775 319 827 338; x_wconf 92' lang='lat'><strong>·-</strong></span> 
     </span>
    </p>
   </div>
   <div class='ocr_carea' id='block_1_2' title="bbox 207 429 1165 841">
    <p class='ocr_par' dir='ltr' id='par_1_2' title="bbox 207 429 1165 841">
     <span class='ocr_line' id='line_1_2' title="bbox 207 429 1165 537; baseline 0.007 -22"><span class='ocrx_word' id='word_1_4' title='bbox 207 429 210 435; x_wconf 31' lang='lat'><strong>⁹</strong></span> <span class='ocrx_word' id='word_1_5' title='bbox 255 452 375 516; x_wconf 85' lang='lat' dir='ltr'><strong>Genus</strong></span> <span class='ocrx_word' id='word_1_6' title='bbox 409 449 517 512; x_wconf 85' lang='lat' dir='ltr'><strong>hocce</strong></span> <span class='ocrx_word' id='word_1_7' title='bbox 552 449 745 531; x_wconf 88' lang='lat' dir='ltr'><strong>putatitium</strong></span> <span class='ocrx_word' id='word_1_8' title='bbox 774 446 947 512; x_wconf 85' lang='lat' dir='ltr'><strong>aBosoro</strong></span> <span class='ocrx_word' id='word_1_9' title='bbox 976 450 1165 537; x_wconf 87' lang='lat' dir='ltr'><strong>Dipodium</strong></span> 
     </span>
     <span class='ocr_line' id='line_1_3' title="bbox 296 551 1165 625; baseline 0.009 -10"><span class='ocrx_word' id='word_1_10' title='bbox 296 553 421 615; x_wconf 87' lang='lat' dir='ltr'><strong>dictum</strong></span> <span class='ocrx_word' id='word_1_11' title='bbox 462 553 512 613; x_wconf 89' lang='lat' dir='ltr'><strong>nil</strong></span> <span class='ocrx_word' id='word_1_12' title='bbox 544 551 610 613; x_wconf 91' lang='lat' dir='ltr'><strong>nisi</strong></span> <span class='ocrx_word' id='word_1_13' title='bbox 639 551 886 615; x_wconf 87' lang='lat' dir='ltr'><strong>Ichneumonis</strong></span> <span class='ocrx_word' id='word_1_14' title='bbox 919 555 1057 619; x_wconf 79' lang='lat' dir='ltr'><strong>larvam</strong></span> <span class='ocrx_word' id='word_1_15' title='bbox 1092 560 1165 625; x_wconf 86' lang='lat' dir='ltr'><strong>sistit</strong></span> 
     </span>
     <span class='ocr_line' id='line_1_4' title="bbox 297 653 1164 743; baseline 0.009 -25"><span class='ocrx_word' id='word_1_16' title='bbox 297 678 316 718; x_wconf 88' lang='lat' dir='ltr'><strong>a</strong></span> <span class='ocrx_word' id='word_1_17' title='bbox 339 658 380 721; x_wconf 85' lang='lat' dir='ltr'><strong>cl.</strong></span> <span class='ocrx_word' id='word_1_18' title='bbox 403 653 641 718; x_wconf 68' lang='lat' dir='ltr'><strong>Brnranorirus</strong></span> <span class='ocrx_word' id='word_1_19' title='bbox 674 654 711 716; x_wconf 90' lang='lat' dir='ltr'><strong>in</strong></span> <span class='ocrx_word' id='word_1_20' title='bbox 742 658 831 737; x_wconf 76' lang='lat' dir='ltr'><strong>Apis</strong></span> <span class='ocrx_word' id='word_1_21' title='bbox 862 654 1040 743; x_wconf 66' lang='lat' dir='ltr'><strong>menfica·</strong></span> <span class='ocrx_word' id='word_1_22' title='bbox 1074 664 1164 727; x_wconf 77' lang='lat' dir='ltr'><strong>abdo</strong></span> 
     </span>
     <span class='ocr_line' id='line_1_5' title="bbox 279 756 604 841; baseline -0.018 -18"><span class='ocrx_word' id='word_1_23' title='bbox 279 756 393 823; x_wconf 22' lang='lat' dir='ltr'><strong>&#39;mine</strong></span> <span class='ocrx_word' id='word_1_24' title='bbox 425 775 604 841; x_wconf 84' lang='lat' dir='ltr'><strong>repertam.</strong></span> 
     </span>
    </p>
   </div>
   <div class='ocr_carea' id='block_1_3' title="bbox 210 882 1198 1908">
    <p class='ocr_par' dir='ltr' id='par_1_3' title="bbox 210 882 1198 1908">
     <span class='ocr_line' id='line_1_6' title="bbox 210 882 726 978; baseline -0.012 -23"><span class='ocrx_word' id='word_1_25' title='bbox 210 895 273 971; x_wconf 91' lang='grc'><strong>88.</strong></span> <span class='ocrx_word' id='word_1_26' title='bbox 323 884 461 976; x_wconf 87' lang='lat' dir='ltr'><strong>Polypi</strong></span> <span class='ocrx_word' id='word_1_27' title='bbox 485 882 659 978; x_wconf 78' lang='lat' dir='ltr'><strong>vulgaris.</strong></span> <span class='ocrx_word' id='word_1_28' title='bbox 722 962 726 969; x_wconf 26' lang='grc' dir='ltr'>ι</span> 
     </span>
     <span class='ocr_line' id='line_1_7' title="bbox 255 1008 1075 1094; baseline 0.011 -21"><span class='ocrx_word' id='word_1_29' title='bbox 255 1013 335 1074; x_wconf 87' lang='lat' dir='ltr'><strong>Eut.</strong></span> <span class='ocrx_word' id='word_1_30' title='bbox 359 1028 391 1076; x_wconf 86' lang='lat'><strong>2.</strong></span> <span class='ocrx_word' id='word_1_31' title='bbox 413 1035 445 1093; x_wconf 92' lang='lat' dir='ltr'><strong>p.</strong></span> <span class='ocrx_word' id='word_1_32' title='bbox 468 1022 540 1088; x_wconf 81' lang='lat'><strong>283.</strong></span> <span class='ocrx_word' id='word_1_33' title='bbox 564 1030 598 1072; x_wconf 86' lang='lat' dir='ltr'><strong>n.</strong></span> <span class='ocrx_word' id='word_1_34' title='bbox 621 1022 674 1086; x_wconf 78' lang='lat'><strong>38.</strong></span> <span class='ocrx_word' id='word_1_35' title='bbox 698 1009 820 1091; x_wconf 88' lang='lat' dir='ltr'><strong>Sepiae</strong></span> <span class='ocrx_word' id='word_1_36' title='bbox 843 1008 1075 1094; x_wconf 80' lang='lat' dir='ltr'><strong>Octopodiae·</strong></span> 
     </span>
     <span class='ocr_line' id='line_1_8' title="bbox 255 1110 1164 1199; baseline 0.004 -22"><span class='ocrx_word' id='word_1_37' title='bbox 255 1115 353 1177; x_wconf 88' lang='lat' dir='ltr'>Inter</span> <span class='ocrx_word' id='word_1_38' title='bbox 379 1110 561 1175; x_wconf 83' lang='lat' dir='ltr'><strong>ventriculi</strong></span> <span class='ocrx_word' id='word_1_39' title='bbox 590 1110 717 1173; x_wconf 87' lang='lat' dir='ltr'><strong>tunicas</strong></span> <span class='ocrx_word' id='word_1_40' title='bbox 747 1114 839 1172; x_wconf 74' lang='lat' dir='ltr'><strong>Reor</strong></span> <span class='ocrx_word' id='word_1_41' title='bbox 866 1118 1012 1194; x_wconf 84' lang='lat' dir='ltr'><strong>reperit,</strong></span> <span class='ocrx_word' id='word_1_42' title='bbox 1060 1120 1164 1199; x_wconf 75' lang='lat' dir='ltr'><strong>quales</strong></span> 
     </span>
     <span class='ocr_line' id='line_1_9' title="bbox 298 1213 1162 1296; baseline 0.005 -21"><span class='ocrx_word' id='word_1_43' title='bbox 298 1213 373 1296; x_wconf 88' lang='lat' dir='ltr'><strong>ipse</strong></span> <span class='ocrx_word' id='word_1_44' title='bbox 407 1229 535 1275; x_wconf 86' lang='lat' dir='ltr'><strong>tantum</strong></span> <span class='ocrx_word' id='word_1_45' title='bbox 572 1213 607 1277; x_wconf 91' lang='lat' dir='ltr'><strong>in</strong></span> <span class='ocrx_word' id='word_1_46' title='bbox 642 1213 743 1295; x_wconf 84' lang='lat' dir='ltr'><strong>Sepia</strong></span> <span class='ocrx_word' id='word_1_47' title='bbox 777 1213 939 1276; x_wconf 88' lang='lat' dir='ltr'><strong>officinali</strong></span> <span class='ocrx_word' id='word_1_48' title='bbox 974 1217 1162 1294; x_wconf 80' lang='lat' dir='ltr'>observavi,</span> 
     </span>
     <span class='ocr_line' id='line_1_10' title="bbox 298 1314 1198 1395; baseline 0.001 -15"><span class='ocrx_word' id='word_1_49' title='bbox 298 1318 415 1381; x_wconf 86' lang='lat' dir='ltr'><strong>nullus</strong></span> <span class='ocrx_word' id='word_1_50' title='bbox 449 1317 542 1381; x_wconf 89' lang='lat' dir='ltr'><strong>enim</strong></span> <span class='ocrx_word' id='word_1_51' title='bbox 579 1314 707 1388; x_wconf 89' lang='lat' dir='ltr'><strong>dubito,</strong></span> <span class='ocrx_word' id='word_1_52' title='bbox 745 1315 826 1395; x_wconf 82' lang='lat' dir='ltr'><strong>quin</strong></span> <span class='ocrx_word' id='word_1_53' title='bbox 851 1334 986 1378; x_wconf 87' lang='lat' dir='ltr'><strong>vermes</strong></span> <span class='ocrx_word' id='word_1_54' title='bbox 1016 1340 1039 1380; x_wconf 90' lang='lat' dir='ltr'><strong>a</strong></span> <span class='ocrx_word' id='word_1_55' title='bbox 1062 1322 1164 1382; x_wconf 81' lang='lat' dir='ltr'><strong>anro</strong></span> <span class='ocrx_word' id='word_1_56' title='bbox 1195 1366 1198 1373; x_wconf 85' lang='lat'>.</span> 
     </span>
     <span class='ocr_line' id='line_1_11' title="bbox 300 1416 1164 1500; baseline 0.002 -19"><span class='ocrx_word' id='word_1_57' title='bbox 300 1418 446 1500; x_wconf 88' lang='lat' dir='ltr'><strong>pessime</strong></span> <span class='ocrx_word' id='word_1_58' title='bbox 461 1418 583 1500; x_wconf 83' lang='lat' dir='ltr'><strong>depicti</strong></span> <span class='ocrx_word' id='word_1_59' title='bbox 594 1416 885 1499; x_wconf 78' lang='lat' dir='ltr'><strong>Tetrathynohum</strong></span> <span class='ocrx_word' id='word_1_60' title='bbox 899 1418 1164 1500; x_wconf 85' lang='lat' dir='ltr'><strong>megabothrium</strong></span> 
     </span>
     <span class='ocr_line' id='line_1_12' title="bbox 300 1516 1164 1602; baseline 0.001 -20"><span class='ocrx_word' id='word_1_61' title='bbox 300 1521 425 1586; x_wconf 82' lang='lat' dir='ltr'><strong>sistant.</strong></span> <span class='ocrx_word' id='word_1_62' title='bbox 469 1523 544 1602; x_wconf 87' lang='lat' dir='ltr'><strong>Ego</strong></span> <span class='ocrx_word' id='word_1_63' title='bbox 578 1519 614 1580; x_wconf 90' lang='lat' dir='ltr'><strong>in</strong></span> <span class='ocrx_word' id='word_1_64' title='bbox 648 1521 783 1601; x_wconf 89' lang='lat' dir='ltr'><strong>Polypo</strong></span> <span class='ocrx_word' id='word_1_65' title='bbox 816 1516 866 1578; x_wconf 92' lang='lat' dir='ltr'><strong>nil</strong></span> <span class='ocrx_word' id='word_1_66' title='bbox 898 1517 966 1580; x_wconf 88' lang='lat' dir='ltr'><strong>nisi</strong></span> <span class='ocrx_word' id='word_1_67' title='bbox 997 1520 1164 1585; x_wconf 84' lang='lat' dir='ltr'><strong>Scolecem</strong></span> 
     </span>
     <span class='ocr_line' id='line_1_13' title="bbox 299 1619 1166 1706; baseline -0.001 -20"><span class='ocrx_word' id='word_1_68' title='bbox 299 1626 474 1706; x_wconf 86' lang='lat' dir='ltr'><strong>vulgarem</strong></span> <span class='ocrx_word' id='word_1_69' title='bbox 497 1625 625 1703; x_wconf 89' lang='lat' dir='ltr'><strong>reperi,</strong></span> <span class='ocrx_word' id='word_1_70' title='bbox 655 1622 745 1682; x_wconf 88' lang='lat' dir='ltr'><strong>haud</strong></span> <span class='ocrx_word' id='word_1_71' title='bbox 771 1640 856 1682; x_wconf 75' lang='lat' dir='ltr'><strong>vero</strong></span> <span class='ocrx_word' id='word_1_72' title='bbox 877 1619 969 1685; x_wconf 86' lang='lat' dir='ltr'><strong>inter</strong></span> <span class='ocrx_word' id='word_1_73' title='bbox 989 1620 1166 1691; x_wconf 85' lang='lat' dir='ltr'><strong>ventriculi</strong></span> 
     </span>
     <span class='ocr_line' id='line_1_14' title="bbox 301 1721 1166 1803; baseline 0.003 -16"><span class='ocrx_word' id='word_1_74' title='bbox 301 1724 451 1798; x_wconf 86' lang='lat' dir='ltr'><strong>tunicas,</strong></span> <span class='ocrx_word' id='word_1_75' title='bbox 485 1727 545 1788; x_wconf 85' lang='lat' dir='ltr'><strong>sed</strong></span> <span class='ocrx_word' id='word_1_76' title='bbox 566 1725 603 1786; x_wconf 90' lang='lat' dir='ltr'><strong>in</strong></span> <span class='ocrx_word' id='word_1_77' title='bbox 625 1723 724 1803; x_wconf 83' lang='lat' dir='ltr'><strong>hujus</strong></span> <span class='ocrx_word' id='word_1_78' title='bbox 749 1741 833 1784; x_wconf 88' lang='lat' dir='ltr'><strong>cavo</strong></span> <span class='ocrx_word' id='word_1_79' title='bbox 854 1721 1020 1800; x_wconf 71' lang='lat' dir='ltr'><strong>liberum</strong></span> <span class='ocrx_word' id='word_1_80' title='bbox 1055 1728 1166 1791; x_wconf 81' lang='lat' dir='ltr'><strong>Seolex</strong></span> 
     </span>
     <span class='ocr_line' id='line_1_15' title="bbox 301 1825 753 1908; baseline -0.007 -18"><span class='ocrx_word' id='word_1_81' title='bbox 301 1825 401 1891; x_wconf 89' lang='lat' dir='ltr'><strong>etiam</strong></span> <span class='ocrx_word' id='word_1_82' title='bbox 423 1826 523 1889; x_wconf 89' lang='lat' dir='ltr'><strong>nimis</strong></span> <span class='ocrx_word' id='word_1_83' title='bbox 543 1844 668 1908; x_wconf 87' lang='lat' dir='ltr'><strong>parvus</strong></span> <span class='ocrx_word' id='word_1_84' title='bbox 693 1838 753 1888; x_wconf 87' lang='lat' dir='ltr'><strong>est.</strong></span> 
     </span>
    </p>
   </div>
   <div class='ocr_carea' id='block_1_4' title="bbox 215 1966 1165 2791">
    <p class='ocr_par' dir='ltr' id='par_1_4' title="bbox 215 1966 711 2065">
     <span class='ocr_line' id='line_1_16' title="bbox 215 1966 711 2065; baseline -0.01 -23"><span class='ocrx_word' id='word_1_85' title='bbox 215 1978 280 2059; x_wconf 81' lang='lat'><strong>89·</strong></span> <span class='ocrx_word' id='word_1_86' title='bbox 331 1968 515 2065; x_wconf 87' lang='lat' dir='ltr'><strong>Loliginis</strong></span> <span class='ocrx_word' id='word_1_87' title='bbox 540 1966 711 2061; x_wconf 82' lang='lat' dir='ltr'><strong>vulgaris.</strong></span> 
     </span>
    </p>

    <p class='ocr_par' dir='ltr' id='par_1_5' title="bbox 258 2091 1008 2178">
     <span class='ocr_line' id='line_1_17' title="bbox 258 2091 1008 2178; baseline 0.005 -20"><span class='ocrx_word' id='word_1_88' title='bbox 258 2097 338 2158; x_wconf 89' lang='lat' dir='ltr'><strong>Ent.</strong></span> <span class='ocrx_word' id='word_1_89' title='bbox 359 2114 392 2161; x_wconf 83' lang='lat'><strong>2.</strong></span> <span class='ocrx_word' id='word_1_90' title='bbox 413 2119 447 2177; x_wconf 76' lang='lat' dir='ltr'><strong>p.</strong></span> <span class='ocrx_word' id='word_1_91' title='bbox 465 2110 536 2175; x_wconf 68' lang='lat'><strong>235.</strong></span> <span class='ocrx_word' id='word_1_92' title='bbox 558 2118 592 2161; x_wconf 87' lang='lat' dir='ltr'><strong>n.</strong></span> <span class='ocrx_word' id='word_1_93' title='bbox 615 2109 666 2168; x_wconf 80' lang='grc' dir='ltr'><strong>4ο.</strong></span> <span class='ocrx_word' id='word_1_94' title='bbox 690 2093 808 2174; x_wconf 87' lang='lat' dir='ltr'><strong>Sepiae</strong></span> <span class='ocrx_word' id='word_1_95' title='bbox 828 2091 1008 2178; x_wconf 79' lang='lat' dir='ltr'><strong>Loliginis.</strong></span> 
     </span>
    </p>

    <p class='ocr_par' dir='ltr' id='par_1_6' title="bbox 258 2197 1165 2791">
     <span class='ocr_line' id='line_1_18' title="bbox 258 2197 1164 2281; baseline 0.003 -23"><span class='ocrx_word' id='word_1_96' title='bbox 258 2197 339 2277; x_wconf 90' lang='lat' dir='ltr'><strong>Ipse</strong></span> <span class='ocrx_word' id='word_1_97' title='bbox 362 2197 499 2278; x_wconf 88' lang='lat' dir='ltr'><strong>quidem</strong></span> <span class='ocrx_word' id='word_1_98' title='bbox 521 2197 690 2277; x_wconf 79' lang='lat' dir='ltr'><strong>Loligines</strong></span> <span class='ocrx_word' id='word_1_99' title='bbox 713 2208 935 2257; x_wconf 86' lang='lat' dir='ltr'><strong>entozoorum</strong></span> <span class='ocrx_word' id='word_1_100' title='bbox 958 2199 1164 2281; x_wconf 80' lang='lat' dir='ltr'><strong>reperiendo</strong></span> 
     </span>
     <span class='ocr_line' id='line_1_19' title="bbox 303 2296 1162 2380; baseline 0 -20"><span class='ocrx_word' id='word_1_101' title='bbox 303 2319 380 2360; x_wconf 90' lang='lat' dir='ltr'><strong>rum</strong></span> <span class='ocrx_word' id='word_1_102' title='bbox 401 2297 502 2380; x_wconf 84' lang='lat' dir='ltr'><strong>gratia</strong></span> <span class='ocrx_word' id='word_1_103' title='bbox 525 2300 657 2380; x_wconf 88' lang='lat' dir='ltr'><strong>saepius</strong></span> <span class='ocrx_word' id='word_1_104' title='bbox 680 2296 740 2358; x_wconf 88' lang='lat' dir='ltr'><strong>sed</strong></span> <span class='ocrx_word' id='word_1_105' title='bbox 761 2298 881 2360; x_wconf 84' lang='lat' dir='ltr'><strong>frustra</strong></span> <span class='ocrx_word' id='word_1_106' title='bbox 909 2299 1018 2374; x_wconf 86' lang='lat' dir='ltr'><strong>secui,</strong></span> <span class='ocrx_word' id='word_1_107' title='bbox 1063 2298 1162 2361; x_wconf 88' lang='lat' dir='ltr'><strong>nihilo</strong></span> 
     </span>
     <span class='ocr_line' id='line_1_20' title="bbox 303 2397 1165 2478; baseline 0.002 -18"><span class='ocrx_word' id='word_1_108' title='bbox 303 2412 416 2461; x_wconf 85' lang='lat' dir='ltr'><strong>tamen</strong></span> <span class='ocrx_word' id='word_1_109' title='bbox 448 2401 559 2461; x_wconf 89' lang='lat' dir='ltr'><strong>minus</strong></span> <span class='ocrx_word' id='word_1_110' title='bbox 598 2397 779 2461; x_wconf 78' lang='lat' dir='ltr'><strong>Fascio&#39;lam</strong></span> <span class='ocrx_word' id='word_1_111' title='bbox 810 2399 984 2463; x_wconf 73' lang='lat' dir='ltr'><strong>barbatam</strong></span> <span class='ocrx_word' id='word_1_112' title='bbox 1012 2402 1165 2478; x_wconf 54' lang='lat' dir='ltr'><strong>Lusum,</strong></span> 
     </span>
     <span class='ocr_line' id='line_1_21' title="bbox 303 2500 1164 2585; baseline 0.007 -25"><span class='ocrx_word' id='word_1_113' title='bbox 303 2521 323 2560; x_wconf 84' lang='lat' dir='ltr'><strong>a</strong></span> <span class='ocrx_word' id='word_1_114' title='bbox 344 2501 513 2562; x_wconf 76' lang='lat' dir='ltr'><strong>Manrrrto</strong></span> <span class='ocrx_word' id='word_1_115' title='bbox 536 2501 571 2563; x_wconf 90' lang='lat' dir='ltr'><strong>in</strong></span> <span class='ocrx_word' id='word_1_116' title='bbox 594 2500 685 2561; x_wconf 84' lang='lat' dir='ltr'><strong>illius</strong></span> <span class='ocrx_word' id='word_1_117' title='bbox 707 2501 875 2565; x_wconf 87' lang='lat' dir='ltr'><strong>intestinis</strong></span> <span class='ocrx_word' id='word_1_118' title='bbox 897 2517 1086 2585; x_wconf 85' lang='lat' dir='ltr'><strong>repertam,</strong></span> <span class='ocrx_word' id='word_1_119' title='bbox 1111 2506 1164 2566; x_wconf 87' lang='lat' dir='ltr'><strong>Te·</strong></span> 
     </span>
     <span class='ocr_line' id='line_1_22' title="bbox 304 2601 1165 2686; baseline 0.007 -25"><span class='ocrx_word' id='word_1_120' title='bbox 304 2601 540 2684; x_wconf 87' lang='lat' dir='ltr'><strong>trarhynohum</strong></span> <span class='ocrx_word' id='word_1_121' title='bbox 572 2622 644 2665; x_wconf 86' lang='lat' dir='ltr'><strong>esse</strong></span> <span class='ocrx_word' id='word_1_122' title='bbox 670 2625 688 2663; x_wconf 90' lang='lat' dir='ltr'><strong>a</strong></span> <span class='ocrx_word' id='word_1_123' title='bbox 715 2624 770 2665; x_wconf 88' lang='lat' dir='ltr'><strong>me</strong></span> <span class='ocrx_word' id='word_1_124' title='bbox 806 2602 842 2664; x_wconf 92' lang='lat' dir='ltr'><strong>in</strong></span> <span class='ocrx_word' id='word_1_125' title='bbox 876 2605 975 2686; x_wconf 83' lang='lat' dir='ltr'><strong>Sepia</strong></span> <span class='ocrx_word' id='word_1_126' title='bbox 1010 2606 1165 2671; x_wconf 80' lang='lat' dir='ltr'><strong>officinali</strong></span> 
     </span>
     <span class='ocr_line' id='line_1_23' title="bbox 301 2697 936 2791; baseline 0.009 -27"><span class='ocrx_word' id='word_1_127' title='bbox 301 2697 483 2769; x_wconf 85' lang='lat' dir='ltr'><strong>inventum</strong></span> <span class='ocrx_word' id='word_1_128' title='bbox 504 2706 796 2791; x_wconf 84' lang='lat' dir='ltr'><strong>persuasissimum</strong></span> <span class='ocrx_word' id='word_1_129' title='bbox 816 2706 936 2771; x_wconf 90' lang='lat' dir='ltr'><strong>habeo.</strong></span> 
     </span>
    </p>
   </div>
   <div class='ocr_carea' id='block_1_5' title="bbox 218 2846 831 2935">
    <p class='ocr_par' dir='ltr' id='par_1_7' title="bbox 218 2846 831 2935">
     <span class='ocr_line' id='line_1_24' title="bbox 218 2846 831 2935; baseline 0.008 -23"><span class='ocrx_word' id='word_1_130' title='bbox 218 2859 281 2935; x_wconf 88' lang='grc' dir='ltr'><strong>9ο.</strong></span> <span class='ocrx_word' id='word_1_131' title='bbox 330 2848 608 2918; x_wconf 84' lang='lat' dir='ltr'><strong>Pterotraoheae</strong></span> <span class='ocrx_word' id='word_1_132' title='bbox 634 2846 831 2919; x_wconf 79' lang='lat' dir='ltr'><strong>aculeatae.</strong></span> 
     </span>
    </p>
   </div>
   <div class='ocr_carea' id='block_1_6' title="bbox 259 2976 1165 3572">
    <p class='ocr_par' dir='ltr' id='par_1_8' title="bbox 259 2976 673 3057">
     <span class='ocr_line' id='line_1_25' title="bbox 259 2976 673 3057; baseline 0.007 -21"><span class='ocrx_word' id='word_1_133' title='bbox 259 2976 341 3042; x_wconf 77' lang='lat' dir='ltr'><strong>Ent.</strong></span> <span class='ocrx_word' id='word_1_134' title='bbox 362 2991 393 3038; x_wconf 79' lang='lat'><strong>2.</strong></span> <span class='ocrx_word' id='word_1_135' title='bbox 414 2998 448 3057; x_wconf 93' lang='lat' dir='ltr'><strong>p.</strong></span> <span class='ocrx_word' id='word_1_136' title='bbox 468 2976 541 3046; x_wconf 77' lang='lat'><strong>286.</strong></span> <span class='ocrx_word' id='word_1_137' title='bbox 561 2997 596 3041; x_wconf 85' lang='lat' dir='ltr'><strong>n.</strong></span> <span class='ocrx_word' id='word_1_138' title='bbox 619 2989 673 3053; x_wconf 78' lang='lat'><strong>41.</strong></span> 
     </span>
    </p>

    <p class='ocr_par' dir='ltr' id='par_1_9' title="bbox 259 3075 1165 3572">
     <span class='ocr_line' id='line_1_26' title="bbox 259 3075 1165 3147; baseline 0.002 -7"><span class='ocrx_word' id='word_1_139' title='bbox 259 3075 444 3140; x_wconf 81' lang='lat' dir='ltr'><strong>Entozoon</strong></span> <span class='ocrx_word' id='word_1_140' title='bbox 471 3075 659 3142; x_wconf 85' lang='lat' dir='ltr'><strong>taenioides</strong></span> <span class='ocrx_word' id='word_1_141' title='bbox 688 3079 912 3143; x_wconf 76' lang='lat' dir='ltr'><strong>Foasxanaro</strong></span> <span class='ocrx_word' id='word_1_142' title='bbox 933 3101 976 3143; x_wconf 82' lang='lat' dir='ltr'><strong>ex</strong></span> <span class='ocrx_word' id='word_1_143' title='bbox 1000 3082 1165 3147; x_wconf 72' lang='lat' dir='ltr'><strong>Pterom-</strong></span> 
     </span>
     <span class='ocr_line' id='line_1_27' title="bbox 300 3181 1163 3267; baseline 0.003 -27"><span class='ocrx_word' id='word_1_144' title='bbox 300 3181 397 3240; x_wconf 80' lang='lat' dir='ltr'><strong>cheae</strong></span> <span class='ocrx_word' id='word_1_145' title='bbox 419 3200 484 3242; x_wconf 90' lang='lat' dir='ltr'><strong>ano</strong></span> <span class='ocrx_word' id='word_1_146' title='bbox 505 3181 721 3262; x_wconf 89' lang='lat' dir='ltr'><strong>propendens</strong></span> <span class='ocrx_word' id='word_1_147' title='bbox 745 3182 876 3260; x_wconf 87' lang='lat' dir='ltr'><strong>visum,</strong></span> <span class='ocrx_word' id='word_1_148' title='bbox 904 3181 953 3244; x_wconf 87' lang='lat' dir='ltr'><strong>nit</strong></span> <span class='ocrx_word' id='word_1_149' title='bbox 976 3181 1048 3247; x_wconf 89' lang='lat' dir='ltr'><strong>nisi</strong></span> <span class='ocrx_word' id='word_1_150' title='bbox 1072 3184 1163 3267; x_wconf 81' lang='lat' dir='ltr'><strong>hujus</strong></span> 
     </span>
     <span class='ocr_line' id='line_1_28' title="bbox 301 3277 1164 3370; baseline 0.008 -30"><span class='ocrx_word' id='word_1_151' title='bbox 301 3277 460 3360; x_wconf 86' lang='lat' dir='ltr'><strong>ipsissimi</strong></span> <span class='ocrx_word' id='word_1_152' title='bbox 496 3282 658 3346; x_wconf 87' lang='lat' dir='ltr'><strong>Mollusci</strong></span> <span class='ocrx_word' id='word_1_153' title='bbox 696 3298 826 3367; x_wconf 90' lang='lat' dir='ltr'><strong>partem</strong></span> <span class='ocrx_word' id='word_1_154' title='bbox 866 3303 941 3348; x_wconf 86' lang='lat' dir='ltr'><strong>esse</strong></span> <span class='ocrx_word' id='word_1_155' title='bbox 977 3286 1164 3370; x_wconf 85' lang='lat' dir='ltr'><strong>organicam</strong></span> 
     </span>
     <span class='ocr_line' id='line_1_29' title="bbox 300 3381 1165 3465; baseline 0.005 -22"><span class='ocrx_word' id='word_1_156' title='bbox 300 3381 423 3447; x_wconf 73' lang='lat' dir='ltr'><strong>Ps&#39;aors</strong></span> <span class='ocrx_word' id='word_1_157' title='bbox 457 3398 490 3448; x_wconf 89' lang='lat' dir='ltr'><strong>et</strong></span> <span class='ocrx_word' id='word_1_158' title='bbox 522 3385 697 3451; x_wconf 62' lang='lat' dir='ltr'><strong>Lzsuasmt</strong></span> <span class='ocrx_word' id='word_1_159' title='bbox 731 3385 897 3465; x_wconf 89' lang='lat' dir='ltr'><strong>(Annales</strong></span> <span class='ocrx_word' id='word_1_160' title='bbox 933 3387 980 3449; x_wconf 89' lang='lat' dir='ltr'><strong>du</strong></span> <span class='ocrx_word' id='word_1_161' title='bbox 1013 3385 1165 3452; x_wconf 75' lang='lat' dir='ltr'><strong>Mustium</strong></span> 
     </span>
     <span class='ocr_line' id='line_1_30' title="bbox 301 3483 1165 3572; baseline 0.006 -28"><span class='ocrx_word' id='word_1_162' title='bbox 301 3483 426 3548; x_wconf 86' lang='lat' dir='ltr'><strong>d&#39;Hist.</strong></span> <span class='ocrx_word' id='word_1_163' title='bbox 456 3486 631 3553; x_wconf 87' lang='lat' dir='ltr'><strong>Naturelle</strong></span> <span class='ocrx_word' id='word_1_164' title='bbox 672 3493 715 3557; x_wconf 88' lang='grc' dir='ltr'><strong>Τ.</strong></span> <span class='ocrx_word' id='word_1_165' title='bbox 747 3490 830 3557; x_wconf 81' lang='lat' dir='ltr'><strong>XV.</strong></span> <span class='ocrx_word' id='word_1_166' title='bbox 863 3512 896 3572; x_wconf 87' lang='lat' dir='ltr'><strong>p.</strong></span> <span class='ocrx_word' id='word_1_167' title='bbox 931 3501 984 3569; x_wconf 76' lang='lat'><strong>72.</strong></span> <span class='ocrx_word' id='word_1_168' title='bbox 1019 3490 1107 3551; x_wconf 88' lang='lat' dir='ltr'><strong>Tab.</strong></span> <span class='ocrx_word' id='word_1_169' title='bbox 1137 3504 1165 3549; x_wconf 68' lang='lat'><strong>20</strong></span> 
     </span>
    </p>
   </div>
   <div class='ocr_carea' id='block_1_7' title="bbox 299 3584 1163 3768">
    <p class='ocr_par' dir='ltr' id='par_1_10' title="bbox 299 3584 1163 3768">
     <span class='ocr_line' id='line_1_31' title="bbox 299 3584 1163 3674; baseline -0.003 -22"><span class='ocrx_word' id='word_1_170' title='bbox 299 3584 355 3667; x_wconf 80' lang='lat' dir='ltr'><strong>fig.</strong></span> <span class='ocrx_word' id='word_1_171' title='bbox 379 3591 432 3665; x_wconf 89' lang='lat'><strong>8.)</strong></span> <span class='ocrx_word' id='word_1_172' title='bbox 456 3590 652 3655; x_wconf 81' lang='lat' dir='ltr'><strong>docuerunt.</strong></span> <span class='ocrx_word' id='word_1_173' title='bbox 688 3595 734 3656; x_wconf 92' lang='lat' dir='ltr'><strong>In</strong></span> <span class='ocrx_word' id='word_1_174' title='bbox 755 3594 994 3661; x_wconf 81' lang='lat' dir='ltr'><strong>Entozoorum</strong></span> <span class='ocrx_word' id='word_1_175' title='bbox 1017 3591 1163 3674; x_wconf 78' lang='lat' dir='ltr'><strong>catalogo</strong></span> 
     </span>
     <span class='ocr_line' id='line_1_32' title="bbox 300 3689 673 3768; baseline 0.027 -20"><span class='ocrx_word' id='word_1_176' title='bbox 300 3705 382 3768; x_wconf 86' lang='lat' dir='ltr'><strong>ergo</strong></span> <span class='ocrx_word' id='word_1_177' title='bbox 406 3689 590 3755; x_wconf 89' lang='lat' dir='ltr'><strong>delendum</strong></span> <span class='ocrx_word' id='word_1_178' title='bbox 612 3707 673 3759; x_wconf 85' lang='lat' dir='ltr'><strong>est.</strong></span> 
     </span>
    </p>
   </div>
   <div class='ocr_carea' id='block_1_8' title="bbox 216 3812 689 4035">
    <p class='ocr_par' dir='ltr' id='par_1_11' title="bbox 216 3812 689 4035">
     <span class='ocr_line' id='line_1_33' title="bbox 216 3812 677 3915; baseline 0.037 -40"><span class='ocrx_word' id='word_1_179' title='bbox 216 3822 277 3900; x_wconf 82' lang='lat'><strong>91.</strong></span> <span class='ocrx_word' id='word_1_180' title='bbox 327 3813 469 3884; x_wconf 89' lang='lat' dir='ltr'><strong>Heliois</strong></span> <span class='ocrx_word' id='word_1_181' title='bbox 493 3820 620 3911; x_wconf 85' lang='lat' dir='ltr'><strong>putris.</strong></span> <span class='ocrx_word' id='word_1_182' title='bbox 645 3812 677 3915; x_wconf 69' lang='lat'><strong>&#39;1¹</strong></span> 
     </span>
     <span class='ocr_line' id='line_1_34' title="bbox 255 3921 689 4035; baseline 0.028 -46"><span class='ocrx_word' id='word_1_183' title='bbox 255 3921 359 3999; x_wconf 75' lang='lat' dir='ltr'><strong>Mant.</strong></span> <span class='ocrx_word' id='word_1_184' title='bbox 375 3925 470 3998; x_wconf 75' lang='lat' dir='ltr'><strong>Dub.</strong></span> <span class='ocrx_word' id='word_1_185' title='bbox 488 3949 522 3994; x_wconf 88' lang='lat' dir='ltr'><strong>n.</strong></span> <span class='ocrx_word' id='word_1_186' title='bbox 543 3946 599 4015; x_wconf 80' lang='lat'><strong>91.</strong></span> <span class='ocrx_word' id='word_1_187' title='bbox 686 4030 689 4035; x_wconf 18' lang='grc' dir='ltr'>ι</span> 
     </span>
    </p>
   </div>
   <div class='ocr_carea' id='block_1_9' title="bbox 0 0 1210 4478">
    <p class='ocr_par' dir='ltr' id='par_1_12' title="bbox 0 0 1210 4478">
     <span class='ocr_line' id='line_1_35' title="bbox 0 0 1210 4478; baseline 0 0"><span class='ocrx_word' id='word_1_188' title='bbox 0 0 1210 4478; x_wconf 95' lang='lat' dir='ltr'><strong> </strong></span> 
     </span>
    </p>
   </div>
  </div>
 </body>
</html>
