2408 4478
562 254 847 349 ..366-

224 422 364 485 vascula
395 420 504 494 fusca,
541 420 787 496 ramosissima,
823 419 931 483 ramis
956 424 1178 507 brevissimis,

226 526 286 607 qui
315 524 496 586 ovilluctus
533 529 721 586 ovulorum
762 525 1040 591 immaturoruui
1068 532 1179 599 sistunt.

224 630 322 691 Inter
345 630 428 689 haec
452 628 598 688 lateralia
624 630 667 689 ed
698 628 847 690 inedium
881 632 1057 710 utrinque
1087 657 1139 699 vas
1153 638 1179 699 il.

224 736 285 797 lud
317 732 531 812 pellucidum
554 731 595 789 ad
620 732 744 793 caudae
769 735 906 812 apicem
929 733 1103 816 utrinque
1121 760 1178 801 cou-

224 835 384 899 tinuatur.
429 834 470 893 Iu
496 836 596 892 unico
623 836 805 913 specimine
835 838 963 895 cirrum
988 838 1132 925 longum
1146 856 1178 905 te·

223 958 330 1001 nuern
352 936 534 996 filil'ormen
560 934 678 997 videre
703 935 788 995 mihi
809 935 910 997 visus
936 956 1037 1009 sum.

274 1092 309 1164 6.
335 1096 503 1164 Distoma
529 1116 722 1162 carnosum
748 1100 791 1163 R.
816 1119 852 1164 n.
876 1120 934 1190 sp.

332 1225 373 1284 In
397 1244 482 1301 aqua
506 1222 558 1283 cui
580 1227 682 1303 Spuri
704 1226 866 1285 Denticis
899 1227 1050 1309 majoris
1073 1229 1174 1295 intesti-

223 1350 269 1393 na
292 1324 445 1388 Arimini
467 1323 559 1404 Majo
591 1324 801 1388 immiseram
828 1344 969 1409 septem
1002 1334 1116 1414 reperi
1135 1334 1174 1395 ni·

222 1444 362 1495 stomata
398 1437 546 1500 mortua,
580 1428 753 1507 alteroque
787 1428 842 1491 die
866 1438 1005 1493 vivum
1037 1435 1172 1499 illiusio

223 1529 430 1604 ventriculo,
455 1528 599 1589 villosae
624 1530 771 1593 affixum.
815 1535 861 1594 In
888 1534 1174 1605 minoreDemiss

221 1632 368 1719 Neapoli
393 1629 486 1695 Julio
511 1629 695 1710 specimina
718 1633 787 1695 duo
810 1634 973 1699 exhibita
997 1656 1093 1707 sunt.

331 1751 580 1832 Sesqurliueam
609 1750 649 1811 ad
686 1750 766 1811 duas
794 1752 905 1817 lineas
938 1760 1072 1843 longa,
1104 1772 1174 1843 paru

222 1858 349 1943 postica
373 1857 439 1917 lere
464 1856 588 1916 lineam
611 1854 686 1927 lata,
709 1860 857 1917 recentia
868 1860 1027 1938 rubella,
1050 1878 1173 1945 postmo

224 1968 310 2027 dum
333 1963 406 2022 alba
433 1972 527 2040 parte
549 1952 738 2036 posteriore
761 1958 900 2021 sordide
924 1963 1014 2025 alba
1050 1978 1109 2027 aut
1137 1962 1174 2025 ila

221 2078 401 2135 vescente,
441 2078 543 2139 quem
567 2058 723 2122 colorem
745 2062 844 2123 etiam
868 2061 1007 2127 vivum
1029 2066 1119 2129 illud
1136 2068 1173 2128 ol

222 2171 310 2233 tulit.

330 2264 417 2325 Pori
436 2262 579 2342 globosi,
603 2267 736 2326 anticus
756 2260 898 2332 inferus,
924 2268 1102 2349 exiguus;
1119 2296 1173 2335 vec·

222 2371 320 2436 tralis
342 2364 532 2446 quadruplo
557 2365 672 2444 major,
697 2363 844 2426 maxime
868 2369 1097 2447 prominens,
1116 2395 1174 2435 mn.

221 2475 299 2561 gine
321 2470 463 2529 tumido.
511 2464 630 2527 Collum
660 2465 732 2528 vivi
762 2468 944 2540 conicum,
973 2492 1172 2537 mortuorum

221 2587 414 2645 retractum,
438 2569 509 2630 fere
537 2568 679 2628 nullum.
729 2568 860 2649 Corpus
891 2587 1065 2652 ovatum,
1095 2580 1171 2639 dorso

223 2695 392 2747 convexo,
417 2685 536 2733 ventre
558 2672 671 2750 plano,
695 2672 814 2732 ovulis'
822 2673 986 2753 globosis
1009 2682 1171 2764 turgidum.

222 2781 344 2843 Cirrum
367 2791 535 2838 exsertum
557 2794 627 2832 non
653 2771 734 2834 vidi.

331 2880 465 2961 Species
489 2873 745 2951 distinctissime
769 2895 960 2956 quaecum
981 2886 1171 2968 reliquarum

218 2988 315 3050 nulla
336 2978 501 3045 confundi
525 2991 645 3058 potest.

272 3158 305 3235 7.
333 3147 504 3211 Drstoma
530 3138 634 3208 hians
660 3138 703 3205 R.

324 3289 368 3349 In
393 3284 597 3365 Oesophago
621 3284 747 3346 Ardeae
767 3282 881 3364 nigrae
905 3285 1096 3370 Gryphiae
1113 3290 1171 3371 Sep·

222 3389 342 3455 tembri
365 3388 582 3468 quadraginta
605 3385 714 3467 reperi
740 3386 943 3466 specimina,
974 3408 1122 3473 utroque
1132 3412 1173 3475 po

222 3514 262 3554 ro
286 3491 374 3553 inter
390 3488 493 3570 plicas
518 3487 746 3567 oesoplugeas
770 3487 885 3560 affixa,
914 3494 1172 3572 sanguinea.in

219 3612 303 3671 aqua
326 3595 464 3654 demum
484 3592 567 3662 alba,
593 3609 736 3667 quorum
754 3592 922 3668 quaedam
946 3598 1109 3660 sedecim
1129 3612 1173 3678 per

216 3692 317 3756 horas
351 3697 520 3756 vixerunt.
594 3692 800 3771 Plerumque
843 3700 1046 3761 convoluta
1086 3708 1173 3764 erant.

217 3796 394 3858 Contracta
418 3798 497 3856 duas
521 3795 562 3854 ad
586 3810 746 3873 quatuor,
785 3809 934 3869 extensa,
979 3805 1076 3866 collo
1098 3818 1173 3889 pne·

217 3898 333 3963 sertim
355 3910 536 3974 attenuato,
558 3896 646 3958 ultra
667 3913 728 3960 sex
748 3894 856 3963 lineas
880 3902 1011 3987 longa.
