2408 4478
492 221 776 297 ..252-

154 372 254 461 signi.
296 373 392 440 Vasa
408 374 533 437 cuculli
544 373 694 439 lateralia
705 370 818 455 qualia
826 368 964 455 speciei
975 370 1121 457 primdcr
1173 420 1176 451 ,

156 479 289 542 macula
318 476 462 541 lateralis
493 480 663 559 pellucida
692 498 791 561 quam
819 474 857 538 in
886 477 952 539 hac
979 478 1124 563 longior.

162 582 293 664 Corpus
315 580 467 660 ejusdem
490 580 629 643 formae.
673 578 791 641 Gauda
808 575 910 639 marie
932 592 1045 653 acuta,
1065 578 1126 645 bie

159 686 240 755 lata;
264 675 410 767 feminae
432 697 615 759 attenuata,
659 679 815 745 acumine
837 682 940 743 brevi
961 694 1126 757 truncato,

160 787 221 851 vel
255 797 423 847 truncato·
431 784 556 847 excisa·
601 784 687 847 ostio
727 776 815 849 anali
854 784 1032 863 exquirite
1069 796 1127 849 ter·

162 886 294 951 minali.

270 986 409 1051 Coriolis
443 988 648 1051 intestinalis
690 987 797 1067 qualis
836 988 1034 1049 Cucullano
1066 976 1129 1053 elo·

163 1086 266 1174 ganti,
290 1088 454 1150 oviductu
477 1087 629 1162 tenuior,
673 1090 732 1151 sed
754 1086 910 1151 distincte
933 1090 980 1149 ad
998 1086 1129 1171 apicem

159 1193 333 1275 ,posticum
357 1203 529 1255 extensus,
572 1190 683 1253 Vulva
704 1193 741 1251 in
763 1206 855 1272 parte
875 1190 1036 1271 corporis
1060 1192 1130 1255 fece

166 1289 287 1366 media,
330 1291 434 1373 magis
459 1307 567 1354 tamen
591 1289 794 1371 posteriore;
838 1291 874 1352 in
892 1292 1050 1373 gravidis
1070 1312 1131 1357 mc

165 1394 267 1467 xima,
290 1390 451 1474 utrinque
478 1392 619 1464 tumida,
642 1414 714 1454 non
739 1392 961 1475 emarginata,
1008 1390 1050 1453 in
1070 1390 1131 1455 vir·

166 1494 275 1579 gineis
297 1493 431 1577 exigua.
479 1497 664 1559 Oniduccus
686 1495 794 1577 qualis
815 1493 983 1577 eleganti3
1016 1488 1132 1583 foetur

167 1594 245 1661 vivi
268 1616 353 1658 vero
376 1620 476 1679 quarn
498 1598 535 1661 in
572 1596 637 1657 hoc
665 1596 825 1679 majores,
869 1610 1029 1661 ceterum
1054 1596 1134 1679 ejur-

168 1698 250 1765 dem
271 1698 409 1774 formae,
432 1701 491 1762 scd
512 1700 639 1779 absque
661 1702 848 1761 involucris
865 1700 1008 1775 <forsan
1023 1702 1132 1763 exclu

170 1801 261 1863 sioni
283 1800 452 1882 proximi)
475 1801 574 1865 liberi
595 1801 632 1862 in
655 1802 820 1865 oviductu
842 1800 1072 1883 agitabantur.
1090 1804 1133 1867 Iu

169 1902 357 1983 specimine
385 1900 540 1987 virgineo
572 1903 752 1967 ovitluctus
780 1902 993 1991 corpusculis
1015 1923 1133 1987 granu·

169 2004 253 2069 locis
275 2005 486 2071 difformibus
507 2008 656 2087 repletus
679 2020 759 2069 erat.

279 2107 364 2168 Obs.
387 2107 523 2188 Species
546 2107 645 2169 variis
666 2107 775 2184 notis,
819 2110 1023 2193 praesertim
1050 2128 1135 2173 vero

173 2210 309 2270 cucullo
334 2209 436 2283 ovali,
458 2210 625 2291 longiore,
671 2210 831 2275 dentibus
854 2224 995 2285 armato,
1021 2212 1135 2274 cauda·

174 2328 241 2389 quc
263 2306 410 2373 feminae
434 2310 711 2390 excisotruncata‚
735 2337 754 2376 a
775 2315 883 2396 prima
900 2312 1135 2396 distinguitur.

226 2459 260 2534 5·
287 2451 509 2522 Cucullanus
535 2456 860 2551 melanocephalus
885 2462 930 2529 R·
956 2431 994 2527 n,
1023 2482 1081 2554 sp.

282 2596 327 2656 In
360 2595 602 2676 appendicibus
638 2594 796 2685 pyloricis
823 2603 973 2668 scombri
994 2606 1136 2687 swan,

172 2690 281 2776 inque
301 2695 467 2759 intestinis
490 2702 637 2768 scombri
657 2706 786 2767 Roclrer'
819 2716 855 2767 et
875 2704 990 2769 Cottae
1026 2709 1137 2787 (sem-

173 2816 239 2877 per
259 2797 398 2860 unicum
418 2805 605 2881 specimen,
628 2808 677 2866 bis
701 2809 894 2883 masculum,
918 2811 1032 2873 semel
1046 2809 1139 2873 femi·

163 2900 302 2979 ¹neum)
323 2900 428 2963 Junio
453 2919 485 2967 et
506 2907 600 2968 Julio
621 2907 770 2988 Neapoli
791 2909 915 2992 reperi.

284 3004 490 3068 Cucullanus
518 3011 582 3071 iste
623 3028 683 3071 sex
722 3031 802 3074 curn
827 3009 969 3075 dimidia
991 3014 1138 3083 edocto

173 3098 281 3167 lineas
304 3106 437 3187 longus,
462 3107 573 3171 tenuis
596 3111 758 3186 rubellas,
782 3111 874 3194 apice
891 3115 1023 3179 caudae
1037 3139 1140 3199 quarn

174 3205 347 3286 reliquum
368 3228 488 3291 corpus
511 3209 676 3274 intensius
700 3216 813 3289 rubro,
836 3215 944 3297 capite
963 3219 1139 3285 aterrimo

286 3307 438 3372 (lucullus
459 3312 572 3393 capitis
593 3312 710 3403 solitus
734 3317 796 3381 sed
817 3321 921 3400 niger,
941 3339 1014 3399 quo
1028 3320 1139 3403 ipsius

177 3407 276 3473 striae
297 3408 410 3473 minus
431 3414 521 3477 bene
548 3413 584 3477 in
607 3432 825 3498 conspectum
850 3422 1018 3498 veniunt,
1050 3421 1140 3485 infra

175 3512 326 3575 eundem
347 3518 531 3600 apophysis
553 3519 702 3599 vulgaris
724 3522 856 3583 rubella
868 3523 926 3585 vel
942 3521 1138 3591 flavescens

174 3608 551 3694 deprcsso-rotundato,
579 3623 619 3683 ab
643 3620 717 3700 ejus
739 3643 824 3686 vero
847 3638 941 3705 parte
964 3628 1138 3693 anteriore

172 3709 332 3792 utrinque
366 3734 426 3776 vas
455 3717 592 3799 nigrum
622 3723 760 3787 laterale
790 3723 969 3801 (hamulus
994 3727 1045 3793 sic
1059 3729 1137 3793 dic·

174 3812 249 3889 tut)
278 3813 425 3883 decurrit
450 3840 560 3887 ramos
589 3824 676 3889 duos
701 3827 821 3893 breves
847 3826 1036 3896 introrsum
1064 3832 1137 3897 mic
