<?xml version="1.0" encoding="UTF-8"?>
<!DOCTYPE html PUBLIC "-//W3C//DTD XHTML 1.0 Transitional//EN"
    "http://www.w3.org/TR/xhtml1/DTD/xhtml1-transitional.dtd">
<html xmlns="http://www.w3.org/1999/xhtml" xml:lang="en" lang="en">
 <head>
  <title>
</title>
<meta http-equiv="Content-Type" content="text/html;charset=utf-8" />
  <meta name='ocr-system' content='tesseract 3.04.00' />
  <meta name='ocr-capabilities' content='ocr_page ocr_carea ocr_par ocr_line ocrx_word'/>
</head>
<body>
  <div class='ocr_page' id='page_1' title='image "./entozoorumsynop00rudogoog/entozoorumsynop00rudogoog_0598.png"; bbox 0 0 2408 4478; ppageno 0'>
   <div class='ocr_carea' id='block_1_1' title="bbox 318 254 600 331">
    <p class='ocr_par' dir='ltr' id='par_1_1' title="bbox 318 254 600 331">
     <span class='ocr_line' id='line_1_1' title="bbox 318 254 600 331; baseline -0.014 -34"><span class='ocrx_word' id='word_1_1' title='bbox 318 254 600 331; x_wconf 63' lang='lat'><strong>—592-0</strong></span> 
     </span>
    </p>
   </div>
   <div class='ocr_carea' id='block_1_2' title="bbox 10 399 1016 3855">
    <p class='ocr_par' dir='ltr' id='par_1_2' title="bbox 10 399 941 794">
     <span class='ocr_line' id='line_1_2' title="bbox 16 399 941 487; baseline -0.003 -14"><span class='ocrx_word' id='word_1_2' title='bbox 16 448 19 457; x_wconf 93' lang='lat'>·</span> <span class='ocrx_word' id='word_1_3' title='bbox 55 446 60 457; x_wconf 92' lang='lat'>·</span> <span class='ocrx_word' id='word_1_4' title='bbox 89 404 179 477; x_wconf 81' lang='lat' dir='ltr'>Girri</span> <span class='ocrx_word' id='word_1_5' title='bbox 202 403 285 487; x_wconf 86' lang='lat' dir='ltr'>ipsi,</span> <span class='ocrx_word' id='word_1_6' title='bbox 309 403 383 468; x_wconf 85' lang='lat' dir='ltr'>sive</span> <span class='ocrx_word' id='word_1_7' title='bbox 412 399 581 476; x_wconf 80' lang='lat' dir='ltr'>lemnisci,</span> <span class='ocrx_word' id='word_1_8' title='bbox 615 403 762 466; x_wconf 86' lang='lat' dir='ltr'>maxime</span> <span class='ocrx_word' id='word_1_9' title='bbox 788 401 877 468; x_wconf 87' lang='lat' dir='ltr'>inter</span> <span class='ocrx_word' id='word_1_10' title='bbox 904 426 941 470; x_wconf 78' lang='lat' dir='ltr'>se</span> 
     </span>
     <span class='ocr_line' id='line_1_3' title="bbox 10 504 939 589; baseline -0.009 -13"><span class='ocrx_word' id='word_1_11' title='bbox 10 510 154 589; x_wconf 58' lang='lat' dir='ltr'>fierunt,</span> <span class='ocrx_word' id='word_1_12' title='bbox 175 504 296 582; x_wconf 85' lang='lat' dir='ltr'>nullibi</span> <span class='ocrx_word' id='word_1_13' title='bbox 319 515 430 573; x_wconf 83' lang='lat' dir='ltr'>autem</span> <span class='ocrx_word' id='word_1_14' title='bbox 450 506 605 584; x_wconf 85' lang='lat' dir='ltr'>majores,</span> <span class='ocrx_word' id='word_1_15' title='bbox 626 507 686 567; x_wconf 86' lang='lat' dir='ltr'>sed</span> <span class='ocrx_word' id='word_1_16' title='bbox 702 506 862 577; x_wconf 40' lang='lat' dir='ltr'>,nondum</span> <span class='ocrx_word' id='word_1_17' title='bbox 885 528 939 571; x_wconf 82' lang='lat' dir='ltr'>ex-</span> 
     </span>
     <span class='ocr_line' id='line_1_4' title="bbox 10 601 938 690; baseline 0 -15"><span class='ocrx_word' id='word_1_18' title='bbox 10 626 107 690; x_wconf 69' lang='lat' dir='ltr'>utos,</span> <span class='ocrx_word' id='word_1_19' title='bbox 131 631 232 690; x_wconf 87' lang='lat' dir='ltr'>quarn</span> <span class='ocrx_word' id='word_1_20' title='bbox 254 608 290 669; x_wconf 92' lang='lat' dir='ltr'>in</span> <span class='ocrx_word' id='word_1_21' title='bbox 312 601 454 672; x_wconf 88' lang='lat' dir='ltr'>Anseris</span> <span class='ocrx_word' id='word_1_22' title='bbox 481 611 599 669; x_wconf 76' lang='lat' dir='ltr'>Taenia</span> <span class='ocrx_word' id='word_1_23' title='bbox 621 613 755 670; x_wconf 83' lang='lat' dir='ltr'>sinuosa</span> <span class='ocrx_word' id='word_1_24' title='bbox 777 609 865 684; x_wconf 88' lang='lat' dir='ltr'>vidi,</span> <span class='ocrx_word' id='word_1_25' title='bbox 894 614 938 675; x_wconf 86' lang='lat' dir='ltr'>de</span> 
     </span>
     <span class='ocr_line' id='line_1_5' title="bbox 10 711 445 794; baseline -0.014 -19"><span class='ocrx_word' id='word_1_26' title='bbox 10 736 48 787; x_wconf 56' lang='lat' dir='ltr'>[a</span> <span class='ocrx_word' id='word_1_27' title='bbox 69 714 108 781; x_wconf 86' lang='lat' dir='ltr'>in</span> <span class='ocrx_word' id='word_1_28' title='bbox 132 711 318 794; x_wconf 82' lang='lat' dir='ltr'>appendice</span> <span class='ocrx_word' id='word_1_29' title='bbox 340 723 445 791; x_wconf 85' lang='lat' dir='ltr'>agam.</span> 
     </span>
    </p>

    <p class='ocr_par' dir='ltr' id='par_1_3' title="bbox 10 799 939 1311">
     <span class='ocr_line' id='line_1_6' title="bbox 29 799 939 896; baseline -0.002 -18"><span class='ocrx_word' id='word_1_30' title='bbox 29 800 40 861; x_wconf 80' lang='lat'>.&#39;</span> <span class='ocrx_word' id='word_1_31' title='bbox 85 807 220 894; x_wconf 83' lang='lat' dir='ltr'>Aeque</span> <span class='ocrx_word' id='word_1_32' title='bbox 251 830 367 893; x_wconf 90' lang='lat' dir='ltr'>parum</span> <span class='ocrx_word' id='word_1_33' title='bbox 396 799 601 873; x_wconf 81' lang='lat' dir='ltr'>Taeniaruni</span> <span class='ocrx_word' id='word_1_34' title='bbox 627 799 793 872; x_wconf 84' lang='lat' dir='ltr'>¹foramina</span> <span class='ocrx_word' id='word_1_35' title='bbox 821 813 939 896; x_wconf 68' lang='lat' dir='ltr'>margi:</span> 
     </span>
     <span class='ocr_line' id='line_1_7' title="bbox 10 908 939 998; baseline -0.008 -15"><span class='ocrx_word' id='word_1_36' title='bbox 10 916 85 998; x_wconf 79' lang='lat' dir='ltr'>Jia,</span> <span class='ocrx_word' id='word_1_37' title='bbox 108 908 167 978; x_wconf 87' lang='lat' dir='ltr'>vel</span> <span class='ocrx_word' id='word_1_38' title='bbox 190 912 338 977; x_wconf 79' lang='lat' dir='ltr'>lateralia</span> <span class='ocrx_word' id='word_1_39' title='bbox 360 913 728 994; x_wconf 82' lang='lat' dir='ltr'>Both&#39;riocephalorum</span> <span class='ocrx_word' id='word_1_40' title='bbox 752 926 785 975; x_wconf 92' lang='lat' dir='ltr'>et</span> <span class='ocrx_word' id='word_1_41' title='bbox 805 914 939 996; x_wconf 76' lang='lat' dir='ltr'>Ligula·-</span> 
     </span>
     <span class='ocr_line' id='line_1_8' title="bbox 10 1013 938 1100; baseline 0 -22"><span class='ocrx_word' id='word_1_42' title='bbox 10 1032 62 1091; x_wconf 67' lang='grc' dir='ltr'>μ’</span> <span class='ocrx_word' id='word_1_43' title='bbox 83 1027 145 1100; x_wconf 80' lang='lat' dir='ltr'>‘pro</span> <span class='ocrx_word' id='word_1_44' title='bbox 170 1014 302 1098; x_wconf 80' lang='lat' dir='ltr'>organis</span> <span class='ocrx_word' id='word_1_45' title='bbox 324 1013 470 1076; x_wconf 88' lang='lat' dir='ltr'>nutritiis</span> <span class='ocrx_word' id='word_1_46' title='bbox 496 1014 625 1089; x_wconf 74' lang='lat' dir='ltr'>habeo,</span> <span class='ocrx_word' id='word_1_47' title='bbox 654 1036 726 1076; x_wconf 93' lang='lat' dir='ltr'>non</span> <span class='ocrx_word' id='word_1_48' title='bbox 755 1017 849 1077; x_wconf 90' lang='lat' dir='ltr'>enim</span> <span class='ocrx_word' id='word_1_49' title='bbox 872 1020 938 1078; x_wconf 87' lang='lat' dir='ltr'>nisi</span> 
     </span>
     <span class='ocr_line' id='line_1_9' title="bbox 10 1110 938 1199; baseline -0.001 -18"><span class='ocrx_word' id='word_1_50' title='bbox 10 1119 135 1191; x_wconf 53' lang='lat' dir='ltr'>stibus</span> <span class='ocrx_word' id='word_1_51' title='bbox 149 1117 304 1199; x_wconf 87' lang='lat' dir='ltr'>evolutis</span> <span class='ocrx_word' id='word_1_52' title='bbox 325 1117 567 1195; x_wconf 83' lang='lat' dir='ltr'>conceduntur,</span> <span class='ocrx_word' id='word_1_53' title='bbox 591 1136 659 1196; x_wconf 90' lang='lat' dir='ltr'>quo</span> <span class='ocrx_word' id='word_1_54' title='bbox 682 1117 719 1178; x_wconf 89' lang='lat' dir='ltr'>lit</span> <span class='ocrx_word' id='word_1_55' title='bbox 740 1131 777 1177; x_wconf 89' lang='lat' dir='ltr'>ut</span> <span class='ocrx_word' id='word_1_56' title='bbox 787 1110 938 1180; x_wconf 84' lang='lat' dir='ltr'>Piscium</span> 
     </span>
     <span class='ocr_line' id='line_1_10' title="bbox 10 1212 937 1311; baseline -0.003 -26"><span class='ocrx_word' id='word_1_57' title='bbox 10 1223 119 1311; x_wconf 63' lang='lat' dir='ltr'>gulis</span> <span class='ocrx_word' id='word_1_58' title='bbox 141 1221 282 1280; x_wconf 81' lang='lat' dir='ltr'>omnino</span> <span class='ocrx_word' id='word_1_59' title='bbox 305 1220 524 1300; x_wconf 83' lang='lat' dir='ltr'>denegentur,</span> <span class='ocrx_word' id='word_1_60' title='bbox 546 1212 635 1280; x_wconf 81' lang='lat' dir='ltr'>inter</span> <span class='ocrx_word' id='word_1_61' title='bbox 647 1216 784 1279; x_wconf 89' lang='lat' dir='ltr'>Avium</span> <span class='ocrx_word' id='word_1_62' title='bbox 797 1220 937 1301; x_wconf 86' lang='lat' dir='ltr'>Ligulas</span> 
     </span>
    </p>

    <p class='ocr_par' dir='ltr' id='par_1_4' title="bbox 10 1320 939 1495">
     <span class='ocr_line' id='line_1_11' title="bbox 33 1320 939 1404; baseline -0.002 -15"><span class='ocrx_word' id='word_1_63' title='bbox 33 1337 103 1389; x_wconf 83' lang='lat' dir='ltr'>tem</span> <span class='ocrx_word' id='word_1_64' title='bbox 123 1320 201 1383; x_wconf 50' lang='lat' dir='ltr'>¹cirri</span> <span class='ocrx_word' id='word_1_65' title='bbox 224 1333 324 1401; x_wconf 88' lang='lat' dir='ltr'>qnam</span> <span class='ocrx_word' id='word_1_66' title='bbox 351 1320 507 1385; x_wconf 80' lang='lat' dir='ltr'>rarissimi</span> <span class='ocrx_word' id='word_1_67' title='bbox 536 1321 616 1395; x_wconf 89' lang='lat' dir='ltr'>sint,</span> <span class='ocrx_word' id='word_1_68' title='bbox 646 1322 739 1401; x_wconf 89' lang='lat' dir='ltr'>quod</span> <span class='ocrx_word' id='word_1_69' title='bbox 766 1343 939 1404; x_wconf 86' lang='lat' dir='ltr'>argumen-</span> 
     </span>
     <span class='ocr_line' id='line_1_12' title="bbox 10 1423 389 1495; baseline -0.011 -6"><span class='ocrx_word' id='word_1_70' title='bbox 10 1446 61 1495; x_wconf 73' lang='grc' dir='ltr'>ιιι</span> <span class='ocrx_word' id='word_1_71' title='bbox 81 1423 235 1489; x_wconf 86' lang='lat' dir='ltr'>validum</span> <span class='ocrx_word' id='word_1_72' title='bbox 256 1432 389 1486; x_wconf 79' lang='lat' dir='ltr'>censen.</span> 
     </span>
    </p>

    <p class='ocr_par' dir='ltr' id='par_1_5' title="bbox 10 1509 1016 2823">
     <span class='ocr_line' id='line_1_13' title="bbox 15 1509 940 1614; baseline -0.012 -23"><span class='ocrx_word' id='word_1_73' title='bbox 15 1560 49 1599; x_wconf 69' lang='lat'>-1</span> <span class='ocrx_word' id='word_1_74' title='bbox 88 1517 277 1591; x_wconf 58' lang='lat' dir='ltr'>‘&#39;Cestoidea</span> <span class='ocrx_word' id='word_1_75' title='bbox 305 1534 370 1606; x_wconf 87' lang='lat' dir='ltr'>0&#39;pe</span> <span class='ocrx_word' id='word_1_76' title='bbox 402 1509 613 1587; x_wconf 75' lang='lat' dir='ltr'>loraminum</span> <span class='ocrx_word' id='word_1_77' title='bbox 638 1509 776 1587; x_wconf 87' lang='lat' dir='ltr'>illorum</span> <span class='ocrx_word' id='word_1_78' title='bbox 806 1546 842 1595; x_wconf 88' lang='lat' dir='ltr'>se</span> <span class='ocrx_word' id='word_1_79' title='bbox 871 1530 940 1614; x_wconf 68' lang='lat' dir='ltr'>alfi.</span> 
     </span>
     <span class='ocr_line' id='line_1_14' title="bbox 10 1626 941 1710; baseline 0.002 -19"><span class='ocrx_word' id='word_1_80' title='bbox 10 1642 71 1691; x_wconf 69' lang='lat' dir='ltr'>:e</span> <span class='ocrx_word' id='word_1_81' title='bbox 90 1634 201 1710; x_wconf 77' lang='lat' dir='ltr'>posse,</span> <span class='ocrx_word' id='word_1_82' title='bbox 225 1635 313 1690; x_wconf 80' lang='lat' dir='ltr'>certe</span> <span class='ocrx_word' id='word_1_83' title='bbox 336 1626 423 1709; x_wconf 88' lang='lat' dir='ltr'>nihil</span> <span class='ocrx_word' id='word_1_84' title='bbox 444 1644 558 1687; x_wconf 88' lang='lat' dir='ltr'>contra</span> <span class='ocrx_word' id='word_1_85' title='bbox 579 1641 727 1687; x_wconf 87' lang='lat' dir='ltr'>nostram</span> <span class='ocrx_word' id='word_1_86' title='bbox 740 1633 941 1702; x_wconf 84' lang='lat' dir='ltr'>sententiam</span> 
     </span>
     <span class='ocr_line' id='line_1_15' title="bbox 10 1726 942 1803; baseline 0.005 -13"><span class='ocrx_word' id='word_1_87' title='bbox 10 1730 120 1803; x_wconf 67' lang='lat' dir='ltr'>nbat,</span> <span class='ocrx_word' id='word_1_88' title='bbox 143 1730 243 1797; x_wconf 84' lang='lat' dir='ltr'>sede</span> <span class='ocrx_word' id='word_1_89' title='bbox 267 1736 380 1791; x_wconf 79' lang='lat' dir='ltr'>contra</span> <span class='ocrx_word' id='word_1_90' title='bbox 403 1731 544 1792; x_wconf 87' lang='lat' dir='ltr'>eandem</span> <span class='ocrx_word' id='word_1_91' title='bbox 574 1726 725 1793; x_wconf 82' lang='lat' dir='ltr'>affirmat.</span> <span class='ocrx_word' id='word_1_92' title='bbox 772 1730 942 1797; x_wconf 87' lang='lat' dir='ltr'>Distoma-</span> 
     </span>
     <span class='ocr_line' id='line_1_16' title="bbox 10 1827 946 1911; baseline 0.005 -18"><span class='ocrx_word' id='word_1_93' title='bbox 10 1830 65 1907; x_wconf 64' lang='grc' dir='ltr'>ἰι</span> <span class='ocrx_word' id='word_1_94' title='bbox 86 1830 172 1893; x_wconf 86' lang='lat' dir='ltr'>eirro</span> <span class='ocrx_word' id='word_1_95' title='bbox 195 1851 297 1911; x_wconf 90' lang='lat' dir='ltr'>porus</span> <span class='ocrx_word' id='word_1_96' title='bbox 317 1832 519 1910; x_wconf 78' lang='lat' dir='ltr'>plerumque</span> <span class='ocrx_word' id='word_1_97' title='bbox 540 1827 673 1892; x_wconf 88' lang='lat' dir='ltr'>&#39;vicinus</span> <span class='ocrx_word' id='word_1_98' title='bbox 696 1836 756 1905; x_wconf 83' lang='lat' dir='ltr'>est,</span> <span class='ocrx_word' id='word_1_99' title='bbox 779 1853 847 1911; x_wconf 89' lang='lat' dir='ltr'>quo</span> <span class='ocrx_word' id='word_1_100' title='bbox 874 1835 946 1898; x_wconf 63' lang='lat' dir='ltr'>anis</span> 
     </span>
     <span class='ocr_line' id='line_1_17' title="bbox 10 1931 1016 2013; baseline 0.005 -20"><span class='ocrx_word' id='word_1_101' title='bbox 10 1932 68 2007; x_wconf 59' lang='lat' dir='ltr'>al,</span> <span class='ocrx_word' id='word_1_102' title='bbox 83 1931 185 2013; x_wconf 89' lang='lat' dir='ltr'>hujus</span> <span class='ocrx_word' id='word_1_103' title='bbox 213 1953 279 2013; x_wconf 88' lang='lat' dir='ltr'>ope</span> <span class='ocrx_word' id='word_1_104' title='bbox 309 1933 408 1992; x_wconf 90' lang='lat' dir='ltr'>simul</span> <span class='ocrx_word' id='word_1_105' title='bbox 437 1933 603 2013; x_wconf 86' lang='lat' dir='ltr'>affigatur,</span> <span class='ocrx_word' id='word_1_106' title='bbox 637 1947 672 1995; x_wconf 85' lang='lat' dir='ltr'>et</span> <span class='ocrx_word' id='word_1_107' title='bbox 703 1932 808 1994; x_wconf 86' lang='lat' dir='ltr'>simili</span> <span class='ocrx_word' id='word_1_108' title='bbox 834 1939 952 2011; x_wconf 86' lang='lat' dir='ltr'>modo·</span> <span class='ocrx_word' id='word_1_109' title='bbox 1011 1979 1016 1989; x_wconf 48' lang='grc' dir='ltr'><em>ι</em></span> 
     </span>
     <span class='ocr_line' id='line_1_18' title="bbox 10 2031 945 2113; baseline -0.001 -14"><span class='ocrx_word' id='word_1_110' title='bbox 10 2050 128 2105; x_wconf 65' lang='lat' dir='ltr'>umes</span> <span class='ocrx_word' id='word_1_111' title='bbox 152 2032 362 2107; x_wconf 89' lang='lat' dir='ltr'>cucurbitini,</span> <span class='ocrx_word' id='word_1_112' title='bbox 386 2031 507 2112; x_wconf 90' lang='lat' dir='ltr'>quibus</span> <span class='ocrx_word' id='word_1_113' title='bbox 525 2043 643 2113; x_wconf 80' lang='lat' dir='ltr'>utpote</span> <span class='ocrx_word' id='word_1_114' title='bbox 660 2033 873 2113; x_wconf 86' lang='lat' dir='ltr'>eliminandis</span> <span class='ocrx_word' id='word_1_115' title='bbox 884 2059 945 2098; x_wconf 86' lang='lat' dir='ltr'>nu·</span> 
     </span>
     <span class='ocr_line' id='line_1_19' title="bbox 10 2133 944 2220; baseline 0.003 -21"><span class='ocrx_word' id='word_1_116' title='bbox 10 2150 189 2215; x_wconf 64' lang='lat' dir='ltr'>mentum</span> <span class='ocrx_word' id='word_1_117' title='bbox 210 2135 418 2217; x_wconf 88' lang='lat' dir='ltr'>superfluum</span> <span class='ocrx_word' id='word_1_118' title='bbox 439 2147 497 2208; x_wconf 88' lang='lat' dir='ltr'>est,</span> <span class='ocrx_word' id='word_1_119' title='bbox 521 2154 588 2215; x_wconf 88' lang='lat' dir='ltr'>ope</span> <span class='ocrx_word' id='word_1_120' title='bbox 607 2133 783 2198; x_wconf 83' lang='lat' dir='ltr'>foraminis</span> <span class='ocrx_word' id='word_1_121' title='bbox 805 2140 944 2220; x_wconf 83' lang='lat' dir='ltr'>papilio·</span> 
     </span>
     <span class='ocr_line' id='line_1_20' title="bbox 10 2236 943 2318; baseline 0.004 -17"><span class='ocrx_word' id='word_1_122' title='bbox 10 2238 139 2315; x_wconf 58' lang='lat' dir='ltr'>nosfrui</span> <span class='ocrx_word' id='word_1_123' title='bbox 162 2260 229 2301; x_wconf 91' lang='lat' dir='ltr'>ova</span> <span class='ocrx_word' id='word_1_124' title='bbox 253 2237 374 2298; x_wconf 90' lang='lat' dir='ltr'>tutiore</span> <span class='ocrx_word' id='word_1_125' title='bbox 392 2238 469 2297; x_wconf 87' lang='lat' dir='ltr'>loco</span> <span class='ocrx_word' id='word_1_126' title='bbox 493 2236 667 2315; x_wconf 87' lang='lat' dir='ltr'>deponere</span> <span class='ocrx_word' id='word_1_127' title='bbox 690 2254 838 2318; x_wconf 81' lang='lat' dir='ltr'>possent.</span> <span class='ocrx_word' id='word_1_128' title='bbox 880 2243 943 2314; x_wconf 80' lang='lat' dir='ltr'>Ad</span> 
     </span>
     <span class='ocr_line' id='line_1_21' title="bbox 10 2335 945 2420; baseline -0.003 -19"><span class='ocrx_word' id='word_1_129' title='bbox 10 2338 213 2417; x_wconf 55' lang='lat' dir='ltr'>unitionem</span> <span class='ocrx_word' id='word_1_130' title='bbox 236 2355 346 2401; x_wconf 89' lang='lat' dir='ltr'>autem</span> <span class='ocrx_word' id='word_1_131' title='bbox 367 2335 583 2398; x_wconf 87' lang='lat' dir='ltr'>articulorum</span> <span class='ocrx_word' id='word_1_132' title='bbox 605 2338 817 2420; x_wconf 86' lang='lat' dir='ltr'>singulorum</span> <span class='ocrx_word' id='word_1_133' title='bbox 839 2357 873 2407; x_wconf 91' lang='lat' dir='ltr'>et</span> <span class='ocrx_word' id='word_1_134' title='bbox 893 2365 945 2407; x_wconf 87' lang='lat' dir='ltr'>so.</span> 
     </span>
     <span class='ocr_line' id='line_1_22' title="bbox 10 2432 945 2522; baseline 0.005 -15"><span class='ocrx_word' id='word_1_135' title='bbox 10 2432 156 2518; x_wconf 66' lang='lat' dir='ltr'>lorum,</span> <span class='ocrx_word' id='word_1_136' title='bbox 173 2443 201 2504; x_wconf 86' lang='lat' dir='ltr'>si</span> <span class='ocrx_word' id='word_1_137' title='bbox 221 2444 279 2503; x_wconf 89' lang='lat' dir='ltr'>illa</span> <span class='ocrx_word' id='word_1_138' title='bbox 301 2440 501 2522; x_wconf 83' lang='lat' dir='ltr'>indigerent,</span> <span class='ocrx_word' id='word_1_139' title='bbox 513 2437 754 2520; x_wconf 86' lang='lat' dir='ltr'>explicandam,</span> <span class='ocrx_word' id='word_1_140' title='bbox 776 2444 945 2513; x_wconf 82' lang='lat' dir='ltr'>foramina.</span> 
     </span>
     <span class='ocr_line' id='line_1_23' title="bbox 10 2529 943 2625; baseline 0.008 -20"><span class='ocrx_word' id='word_1_141' title='bbox 10 2529 165 2621; x_wconf 42' lang='lat' dir='ltr'>florum.</span> <span class='ocrx_word' id='word_1_142' title='bbox 188 2542 488 2624; x_wconf 88' lang='lat' dir='ltr'>longitudinalium</span> <span class='ocrx_word' id='word_1_143' title='bbox 514 2541 654 2616; x_wconf 87' lang='lat' dir='ltr'>hiantia,</span> <span class='ocrx_word' id='word_1_144' title='bbox 687 2543 730 2605; x_wconf 88' lang='lat' dir='ltr'>de</span> <span class='ocrx_word' id='word_1_145' title='bbox 761 2545 883 2625; x_wconf 89' lang='lat' dir='ltr'>quibus</span> <span class='ocrx_word' id='word_1_146' title='bbox 905 2552 943 2613; x_wconf 92' lang='lat' dir='ltr'>in</span> 
     </span>
     <span class='ocr_line' id='line_1_24' title="bbox 10 2642 945 2728; baseline 0.006 -21"><span class='ocrx_word' id='word_1_147' title='bbox 10 2644 114 2727; x_wconf 65' lang='lat' dir='ltr'>npite</span> <span class='ocrx_word' id='word_1_148' title='bbox 135 2647 359 2728; x_wconf 82' lang='lat' dir='ltr'>praecedente</span> <span class='ocrx_word' id='word_1_149' title='bbox 380 2648 512 2708; x_wconf 90' lang='lat' dir='ltr'>locutus</span> <span class='ocrx_word' id='word_1_150' title='bbox 535 2662 619 2719; x_wconf 91' lang='lat' dir='ltr'>sum,</span> <span class='ocrx_word' id='word_1_151' title='bbox 643 2642 765 2707; x_wconf 88' lang='lat' dir='ltr'>melius</span> <span class='ocrx_word' id='word_1_152' title='bbox 785 2645 823 2709; x_wconf 89' lang='lat' dir='ltr'>in</span> <span class='ocrx_word' id='word_1_153' title='bbox 843 2666 945 2713; x_wconf 87' lang='lat' dir='ltr'>usum</span> 
     </span>
     <span class='ocr_line' id='line_1_25' title="bbox 10 2748 413 2823; baseline 0.002 -11"><span class='ocrx_word' id='word_1_154' title='bbox 10 2757 210 2823; x_wconf 54' lang='lat' dir='ltr'>narentur.</span> <span class='ocrx_word' id='word_1_155' title='bbox 410 2748 413 2755; x_wconf 85' lang='grc'><strong>’</strong></span> 
     </span>
    </p>

    <p class='ocr_par' dir='ltr' id='par_1_6' title="bbox 10 2839 980 3651">
     <span class='ocr_line' id='line_1_26' title="bbox 31 2839 945 2934; baseline 0.001 -20"><span class='ocrx_word' id='word_1_156' title='bbox 31 2888 41 2901; x_wconf 76' lang='grc'><strong>-</strong></span> <span class='ocrx_word' id='word_1_157' title='bbox 100 2840 317 2934; x_wconf 78' lang='lat' dir='ltr'>Argumenta</span> <span class='ocrx_word' id='word_1_158' title='bbox 345 2864 418 2914; x_wconf 88' lang='lat' dir='ltr'>non</span> <span class='ocrx_word' id='word_1_159' title='bbox 446 2839 691 2914; x_wconf 84' lang='lat' dir='ltr'>contemnenda</span> <span class='ocrx_word' id='word_1_160' title='bbox 716 2869 774 2913; x_wconf 88' lang='lat' dir='ltr'>me</span> <span class='ocrx_word' id='word_1_161' title='bbox 796 2846 945 2925; x_wconf 73' lang='lat' dir='ltr'>attulisse</span> 
     </span>
     <span class='ocr_line' id='line_1_27' title="bbox 10 2943 947 3039; baseline -0.001 -22"><span class='ocrx_word' id='word_1_162' title='bbox 10 2943 215 3039; x_wconf 57' lang='lat' dir='ltr'>Qdiderim,</span> <span class='ocrx_word' id='word_1_163' title='bbox 241 2955 429 3036; x_wconf 85' lang='lat' dir='ltr'>analogiam</span> <span class='ocrx_word' id='word_1_164' title='bbox 453 2967 567 3017; x_wconf 88' lang='lat' dir='ltr'>tamen</span> <span class='ocrx_word' id='word_1_165' title='bbox 592 2976 664 3017; x_wconf 89' lang='lat' dir='ltr'>non</span> <span class='ocrx_word' id='word_1_166' title='bbox 685 2952 888 3036; x_wconf 90' lang='lat' dir='ltr'>praeteribo,</span> <span class='ocrx_word' id='word_1_167' title='bbox 907 2953 947 3017; x_wconf 90' lang='lat' dir='ltr'>in</span> 
     </span>
     <span class='ocr_line' id='line_1_28' title="bbox 10 3053 967 3138; baseline 0 -17"><span class='ocrx_word' id='word_1_168' title='bbox 10 3058 168 3131; x_wconf 51' lang='lat' dir='ltr'>§smodi</span> <span class='ocrx_word' id='word_1_169' title='bbox 188 3056 288 3121; x_wconf 89' lang='lat' dir='ltr'>rebus</span> <span class='ocrx_word' id='word_1_170' title='bbox 311 3079 486 3138; x_wconf 91' lang='lat' dir='ltr'>nunquam</span> <span class='ocrx_word' id='word_1_171' title='bbox 512 3056 762 3138; x_wconf 80' lang='lat' dir='ltr'>negligendam·</span> <span class='ocrx_word' id='word_1_172' title='bbox 804 3053 967 3121; x_wconf 66' lang='lat' dir='ltr'>Anima,</span> 
     </span>
     <span class='ocr_line' id='line_1_29' title="bbox 10 3157 948 3242; baseline 0 -19"><span class='ocrx_word' id='word_1_173' title='bbox 10 3159 262 3242; x_wconf 47' lang='lat' dir='ltr'>*composita</span> <span class='ocrx_word' id='word_1_174' title='bbox 289 3160 332 3223; x_wconf 88' lang='lat' dir='ltr'>sit</span> <span class='ocrx_word' id='word_1_175' title='bbox 353 3160 454 3223; x_wconf 88' lang='lat' dir='ltr'>venia</span> <span class='ocrx_word' id='word_1_176' title='bbox 476 3161 596 3233; x_wconf 88' lang='lat' dir='ltr'>verbo,</span> <span class='ocrx_word' id='word_1_177' title='bbox 627 3157 781 3221; x_wconf 84' lang='lat' dir='ltr'>omnium</span> <span class='ocrx_word' id='word_1_178' title='bbox 797 3157 948 3238; x_wconf 85' lang='lat' dir='ltr'>partium</span> 
     </span>
     <span class='ocr_line' id='line_1_30' title="bbox 10 3259 980 3345; baseline 0 -21"><span class='ocrx_word' id='word_1_179' title='bbox 10 3259 117 3345; x_wconf 53' lang='lat' dir='ltr'>zita,</span> <span class='ocrx_word' id='word_1_180' title='bbox 139 3276 196 3325; x_wconf 89' lang='lat' dir='ltr'>aut</span> <span class='ocrx_word' id='word_1_181' title='bbox 220 3282 278 3324; x_wconf 89' lang='lat' dir='ltr'>ora</span> <span class='ocrx_word' id='word_1_182' title='bbox 299 3263 417 3325; x_wconf 86' lang='lat' dir='ltr'>eadem</span> <span class='ocrx_word' id='word_1_183' title='bbox 438 3261 623 3343; x_wconf 85' lang='lat' dir='ltr'>proferunt,</span> <span class='ocrx_word' id='word_1_184' title='bbox 638 3281 750 3341; x_wconf 87' lang='lat' dir='ltr'>neque</span> <span class='ocrx_word' id='word_1_185' title='bbox 771 3259 948 3340; x_wconf 80' lang='lat' dir='ltr'>primariae</span> <span class='ocrx_word' id='word_1_186' title='bbox 978 3266 980 3270; x_wconf 65' lang='lat'>‘</span> 
     </span>
     <span class='ocr_line' id='line_1_31' title="bbox 10 3361 950 3447; baseline 0.003 -23"><span class='ocrx_word' id='word_1_187' title='bbox 10 3374 129 3439; x_wconf 63' lang='grc' dir='ltr'>ηιυω</span> <span class='ocrx_word' id='word_1_188' title='bbox 151 3380 249 3447; x_wconf 87' lang='lat' dir='ltr'>caput</span> <span class='ocrx_word' id='word_1_189' title='bbox 269 3366 400 3428; x_wconf 84' lang='lat' dir='ltr'>formae</span> <span class='ocrx_word' id='word_1_190' title='bbox 421 3363 598 3445; x_wconf 84' lang='lat' dir='ltr'>peculiaris</span> <span class='ocrx_word' id='word_1_191' title='bbox 621 3361 833 3435; x_wconf 88' lang='lat' dir='ltr'>conceditur;</span> <span class='ocrx_word' id='word_1_192' title='bbox 855 3363 950 3443; x_wconf 84' lang='lat' dir='ltr'>quod</span> 
     </span>
     <span class='ocr_line' id='line_1_32' title="bbox 10 3458 952 3582; baseline 0.001 -54"><span class='ocrx_word' id='word_1_193' title='bbox 10 3458 184 3582; x_wconf 57' lang='lat' dir='ltr'>&#39;mphyta</span> <span class='ocrx_word' id='word_1_194' title='bbox 213 3467 346 3530; x_wconf 87' lang='lat' dir='ltr'>abunde</span> <span class='ocrx_word' id='word_1_195' title='bbox 368 3479 544 3540; x_wconf 83' lang='lat' dir='ltr'>testantur,</span> <span class='ocrx_word' id='word_1_196' title='bbox 575 3467 636 3528; x_wconf 89' lang='lat' dir='ltr'>sed</span> <span class='ocrx_word' id='word_1_197' title='bbox 666 3465 829 3529; x_wconf 81' lang='lat' dir='ltr'>Coennrus</span> <span class='ocrx_word' id='word_1_198' title='bbox 851 3463 952 3529; x_wconf 83' lang='lat' dir='ltr'>etiam</span> 
     </span>
     <span class='ocr_line' id='line_1_33' title="bbox 10 3564 953 3653; baseline 0.001 -24"><span class='ocrx_word' id='word_1_199' title='bbox 10 3564 158 3653; x_wconf 55' lang='lat' dir='ltr'>§prum</span> <span class='ocrx_word' id='word_1_200' title='bbox 181 3568 456 3651; x_wconf 88' lang='lat' dir='ltr'>corpusculorum</span> <span class='ocrx_word' id='word_1_201' title='bbox 481 3583 579 3650; x_wconf 86' lang='lat' dir='ltr'>caput</span> <span class='ocrx_word' id='word_1_202' title='bbox 599 3587 734 3649; x_wconf 89' lang='lat' dir='ltr'>semper</span> <span class='ocrx_word' id='word_1_203' title='bbox 747 3565 839 3630; x_wconf 81' lang='lat' dir='ltr'>adem</span> <span class='ocrx_word' id='word_1_204' title='bbox 862 3567 953 3630; x_wconf 81' lang='lat' dir='ltr'>exhi·</span> 
     </span>
    </p>

    <p class='ocr_par' dir='ltr' id='par_1_7' title="bbox 10 3656 955 3855">
     <span class='ocr_line' id='line_1_34' title="bbox 10 3656 955 3757; baseline 0.004 -27.375"><span class='ocrx_word' id='word_1_205' title='bbox 10 3656 186 3757; x_wconf 49' lang='lat' dir='ltr'>*Qui</span> <span class='ocrx_word' id='word_1_206' title='bbox 211 3692 289 3754; x_wconf 86' lang='lat' dir='ltr'>ergo</span> <span class='ocrx_word' id='word_1_207' title='bbox 318 3672 443 3734; x_wconf 88' lang='lat' dir='ltr'>animal</span> <span class='ocrx_word' id='word_1_208' title='bbox 468 3672 549 3754; x_wconf 89' lang='lat' dir='ltr'>fingi</span> <span class='ocrx_word' id='word_1_209' title='bbox 569 3683 682 3751; x_wconf 89' lang='lat' dir='ltr'>posset</span> <span class='ocrx_word' id='word_1_210' title='bbox 710 3668 817 3750; x_wconf 87' lang='lat' dir='ltr'>capite</span> <span class='ocrx_word' id='word_1_211' title='bbox 837 3669 955 3732; x_wconf 67' lang='lat' dir='ltr'>instrm</span> 
     </span>
     <span class='ocr_line' id='line_1_35' title="bbox 10 3770 955 3855; baseline -0.002 -19.985"><span class='ocrx_word' id='word_1_212' title='bbox 10 3770 112 3849; x_wconf 58' lang='lat' dir='ltr'>him,</span> <span class='ocrx_word' id='word_1_213' title='bbox 141 3775 234 3852; x_wconf 89' lang='lat' dir='ltr'>quod</span> <span class='ocrx_word' id='word_1_214' title='bbox 261 3775 408 3855; x_wconf 85' lang='lat' dir='ltr'>partibus</span> <span class='ocrx_word' id='word_1_215' title='bbox 432 3774 530 3836; x_wconf 89' lang='lat' dir='ltr'>brevi</span> <span class='ocrx_word' id='word_1_216' title='bbox 553 3770 720 3836; x_wconf 90' lang='lat' dir='ltr'>amissuris</span> <span class='ocrx_word' id='word_1_217' title='bbox 742 3773 883 3853; x_wconf 83' lang='lat' dir='ltr'>singulis</span> <span class='ocrx_word' id='word_1_218' title='bbox 905 3790 955 3833; x_wconf 83' lang='lat' dir='ltr'>ca·</span> 
     </span>
    </p>
   </div>
   <div class='ocr_carea' id='block_1_3' title="bbox 10 3852 953 3971">
    <p class='ocr_par' dir='ltr' id='par_1_8' title="bbox 10 3852 953 3971">
     <span class='ocr_line' id='line_1_36' title="bbox 10 3852 953 3971; baseline -0.006 -24"><span class='ocrx_word' id='word_1_219' title='bbox 10 3852 87 3971; x_wconf 57' lang='lat' dir='ltr'>fit&amp;</span> <span class='ocrx_word' id='word_1_220' title='bbox 71 3894 208 3949; x_wconf 82' lang='lat' dir='ltr'>novae</span> <span class='ocrx_word' id='word_1_221' title='bbox 229 3875 363 3947; x_wconf 78' lang='lat' dir='ltr'>formae</span> <span class='ocrx_word' id='word_1_222' title='bbox 382 3876 557 3964; x_wconf 75' lang='lat' dir='ltr'>gigneret?</span> <span class='ocrx_word' id='word_1_223' title='bbox 584 3877 709 3958; x_wconf 83' lang='lat' dir='ltr'>Neque</span> <span class='ocrx_word' id='word_1_224' title='bbox 733 3873 775 3939; x_wconf 81' lang='lat' dir='ltr'>ad</span> <span class='ocrx_word' id='word_1_225' title='bbox 794 3873 953 3945; x_wconf 66' lang='lat' dir='ltr'>melculo·</span> 
     </span>
    </p>
   </div>
   <div class='ocr_carea' id='block_1_4' title="bbox 0 0 1215 4478">
    <p class='ocr_par' dir='ltr' id='par_1_9' title="bbox 0 0 1215 4478">
     <span class='ocr_line' id='line_1_37' title="bbox 0 0 1215 4478; baseline 0 0"><span class='ocrx_word' id='word_1_226' title='bbox 0 0 1215 4478; x_wconf 95' lang='lat' dir='ltr'> </span> 
     </span>
    </p>
   </div>
  </div>
 </body>
</html>
