2408 4478
566 267 854 343 —404—

229 448 341 503 mum,
362 427 519 508 aequale,
550 422 643 507 apice
664 428 794 508 postico
817 424 1063 499 acutiuscmo.
1102 430 1188 501 Porto

230 537 361 597 anticus
385 528 587 605 terminalis,
617 528 779 609 exiguus;
812 536 993 619 verm-ralis
1017 534 1116 621 triplo
1133 560 1185 603 m.

226 633 292 716 jor,
317 633 451 707 distans,
474 631 650 710 utriusque
672 644 826 711 apertura
850 636 1061 705 orbiculari.

340 734 421 797 oss.
448 750 476 797 ι.
499 731 659 814 Corporis
679 740 929 799 excrescentiae
965 740 1061 803 duae
1081 742 1180 807 acutiu-

229 839 342 902 sculae
366 838 526 915 obliquae
537 835 746 915 irregulares,
759 838 1006 915 proculduino
1018 855 1180 923 praeterita

226 944 351 1007 rurales
373 952 407 1003 et
431 937 582 1016 ejusdem
604 935 745 1015 indolis,
780 958 819 999 ac
842 937 953 1016 illae,
977 962 1064 1021 quas
1084 945 1120 1007 in
1136 946 1178 1009 Di·

225 1055 368 1109 stomate
397 1038 496 1100 Lucii
527 1036 707 1101 tereticolli
742 1040 936 1103 observavi
967 1058 1005 1107 et
1031 1046 1117 1111 Tab.
1138 1048 1175 1111 tt

224 1144 302 1227 Εἰς.
323 1157 355 1221 5.
376 1138 559 1203 delineatas
583 1137 680 1213 dedi.

339 1241 420 1305 Obs.
449 1257 481 1305 a.
504 1240 637 1321 Species
666 1241 727 1303 ista
748 1240 955 1309 Nmascno
978 1247 1108 1331 pariter
1122 1250 1173 1313 Ho

223 1352 370 1415 lostoma
391 1342 480 1405 foret
501 1345 819 1423 acpraecedcntcs.
838 1349 900 1409 sed
925 1352 972 1411 ab
994 1350 1170 1435 Ampitists

224 1449 379 1519 mnibus,
402 1446 605 1522 quibuscum
626 1445 811 1530 conjungit.
830 1448 942 1513 nimis
967 1451 1098 1523 differt.

242 1698 246 1705 Ι
275 1596 884 1697 85.Distomaappendiculari1m
912 1610 964 1681 R.

329 1734 483 1799 Ent.11.
511 1751 537 1797 1.
565 1754 598 1815 p.
628 1747 700 1810 400.
726 1710 767 1801 n.
784 1740 915 1823 4121).
945 1742 1168 1823 appendicula

222 1856 305 1927 ‚tum-
327 1860 360 1921 P·
383 1847 456 1910 404·
484 1856 518 1898 n.
548 1848 600 1913 44.
630 1839 677 1899 D.
697 1855 885 1905 crenatum.
908 1862 956 1927 ,1²⁴
977 1851 1061 1925 437,
1081 1860 1116 1937 ¹¹!
1133 1856 1167 1935 η,

220 1946 270 2033 D.
293 1943 445 2033 Clupeae
466 1936 650 2023 rhenanae.

327 2056 617 2139 Entozoologiam
646 2054 891 2122 conscribendo
922 2062 1166 2131 Distomatair

222 2164 341 2246 Clupea
376 2159 478 2222 Alosa
512 2173 545 2221 et
581 2160 790 2223 Gasrerorteo
819 2163 980 2230 aculeato
1013 2168 1164 2253 Gryphin

221 2264 374 2331 mihimet
394 2260 508 2341 obvia,
530 2259 736 2329 intermediis
760 2283 831 2323 non
853 2265 942 2329 visis
965 2270 1165 2337 distinctaha

218 2369 296 2443 ¹bui,
332 2363 551 2443 postmodum
586 2376 697 2425 autem
730 2362 791 2425 iter
822 2364 859 2425 in
886 2368 1041 2435 Italiam
1063 2376 1163 2439 faciens

216 2463 371 2552 plurimis
392 2463 428 2522 in
448 2464 594 2543 piscibus
617 2479 754 2544 tamque
782 2464 875 2537 varia
898 2472 1040 2553 reperi,
1071 2492 1108 2541 ut
1131 2496 1164 2541 er·

216 2576 328 2632 torem
351 2563 447 2626 facile
470 2568 680 2646 agnoverim.
752 2628 756 2637 ,
1112 2622 1119 2639 .

222 2686 228 2707 -·
256 2716 259 2721 .
324 2666 416 2730 Color
435 2668 636 2748 plerumque
659 2667 759 2731 totius
773 2668 983 2739 Distomatis
1009 2681 1108 2745 albus
1123 2702 1162 2746 ex·

123 2800 126 2805 ·
216 2786 310 2855 cepta
331 2770 461 2831 macula
483 2769 597 2832 media
620 2770 713 2833 fulva
735 2775 793 2835 vel
816 2775 1032 2862 rufescente,
1054 2782 1162 2866 majore

213 2877 274 2943 vel
298 2871 447 2946 minore,
474 2891 536 2952 pro
568 2869 701 2936 diversa
729 2875 932 2941 ovariorum
955 2884 1163 2957 evolutionet

213 2973 342 3061 passim
378 2985 489 3035 autem
527 2993 601 3055 pars
634 2978 798 3055 posterior
829 2980 981 3047 insimul
1016 2984 1163 3065 suscessit,

214 3076 349 3157 qualem
382 3072 565 3155 specimina
598 3075 633 3136 in
672 3079 864 3159 Torpedinir
896 3098 1162 3153 marmoratae

212 3158 602 3243 mammaemammal
630 3177 820 3242 ventriculo
850 3194 994 3268 reperta
1022 3196 1162 3255 mom.

210 3292 306 3351 rnntr
336 3278 448 3357 neque
469 3266 542 3339 raro
565 3293 675 3340 totum
697 3280 854 3346 Distoma
881 3286 1096 3372 flavescens,
1121 3304 1161 3357 aut

210 3382 347 3445 fulvum
368 3394 459 3460 parre
480 3380 609 3467 postica
620 3383 833 3462 flavescente,
853 3402 913 3452 aut
930 3395 1113 3459 rubellum
1124 3412 1162 3460 cx·

208 3482 354 3549 hibetur.
884 3544 889 3553 .
940 3544 943 3549 .

316 3583 421 3662 Saepe
443 3578 567 3646 lineam
592 3580 716 3668 longa,
746 3608 928 3672 nunquam
959 3599 1049 3664 duas
1075 3604 1162 3666 linw

209 3683 292 3769 (nisi
313 3683 444 3745 fortiter
467 3692 614 3764 extensa)
640 3708 799 3769 superare
820 3693 908 3759 vidi.
939 3766 942 3771 ,

316 3784 456 3866 Semper
477 3789 592 3852 teretia
605 3804 692 3865 sunt,
716 3797 805 3857 collo
820 3794 1005 3867 interdum
1028 3808 1092 3869 sub
1106 3820 1161 3869 mc-

205 3901 244 3968 tu
266 3890 384 3957 subtus
409 3903 591 3973 excavat&
611 3892 738 3979 passim
757 3899 867 3985 magis
888 3905 956 3975 vel
976 3903 1096 3977 minus
1110 3920 1161 3971 crs·
