<?xml version="1.0" encoding="UTF-8"?>
<!DOCTYPE html PUBLIC "-//W3C//DTD XHTML 1.0 Transitional//EN"
    "http://www.w3.org/TR/xhtml1/DTD/xhtml1-transitional.dtd">
<html xmlns="http://www.w3.org/1999/xhtml" xml:lang="en" lang="en">
 <head>
  <title>
</title>
<meta http-equiv="Content-Type" content="text/html;charset=utf-8" />
  <meta name='ocr-system' content='tesseract 3.04.00' />
  <meta name='ocr-capabilities' content='ocr_page ocr_carea ocr_par ocr_line ocrx_word'/>
</head>
<body>
  <div class='ocr_page' id='page_1' title='image "./entozoorumsynop00rudogoog/entozoorumsynop00rudogoog_0324.png"; bbox 0 0 2452 4478; ppageno 0'>
   <div class='ocr_carea' id='block_1_1' title="bbox 468 279 748 356">
    <p class='ocr_par' dir='ltr' id='par_1_1' title="bbox 468 279 748 356">
     <span class='ocr_line' id='line_1_1' title="bbox 468 279 748 356; baseline -0.004 -36"><span class='ocrx_word' id='word_1_1' title='bbox 468 279 748 356; x_wconf 60' lang='lat' dir='ltr'>..ffi-</span> 
     </span>
    </p>
   </div>
   <div class='ocr_carea' id='block_1_2' title="bbox 92 430 1138 3793">
    <p class='ocr_par' dir='ltr' id='par_1_2' title="bbox 92 430 1089 1735">
     <span class='ocr_line' id='line_1_2' title="bbox 135 430 1086 517; baseline -0.003 -20"><span class='ocrx_word' id='word_1_2' title='bbox 135 447 161 498; x_wconf 86' lang='lat' dir='ltr'><strong>et</strong></span> <span class='ocrx_word' id='word_1_3' title='bbox 177 431 330 511; x_wconf 78' lang='lat' dir='ltr'><strong>tunicam</strong></span> <span class='ocrx_word' id='word_1_4' title='bbox 352 434 592 517; x_wconf 84' lang='lat' dir='ltr'><strong>intestinorum</strong></span> <span class='ocrx_word' id='word_1_5' title='bbox 617 430 862 514; x_wconf 86' lang='lat' dir='ltr'><strong>peritonealem</strong></span> <span class='ocrx_word' id='word_1_6' title='bbox 883 431 997 496; x_wconf 86' lang='lat' dir='ltr'><strong>multis</strong></span> <span class='ocrx_word' id='word_1_7' title='bbox 1029 434 1086 495; x_wconf 92' lang='lat' dir='ltr'><strong>ob·</strong></span> 
     </span>
     <span class='ocr_line' id='line_1_3' title="bbox 135 534 1088 616; baseline -0.003 -16"><span class='ocrx_word' id='word_1_8' title='bbox 135 540 188 600; x_wconf 86' lang='lat' dir='ltr'><strong>sita</strong></span> <span class='ocrx_word' id='word_1_9' title='bbox 210 539 284 599; x_wconf 91' lang='lat' dir='ltr'><strong>vidi</strong></span> <span class='ocrx_word' id='word_1_10' title='bbox 311 536 521 616; x_wconf 85' lang='lat' dir='ltr'><strong>corpusculis</strong></span> <span class='ocrx_word' id='word_1_11' title='bbox 545 535 703 616; x_wconf 84' lang='lat' dir='ltr'><strong>oblongis</strong></span> <span class='ocrx_word' id='word_1_12' title='bbox 735 534 872 608; x_wconf 88' lang='lat' dir='ltr'><strong>albidis,</strong></span> <span class='ocrx_word' id='word_1_13' title='bbox 911 539 994 597; x_wconf 90' lang='lat' dir='ltr'><strong>duas</strong></span> <span class='ocrx_word' id='word_1_14' title='bbox 1027 553 1088 599; x_wconf 86' lang='lat' dir='ltr'><strong>ter-</strong></span> 
     </span>
     <span class='ocr_line' id='line_1_4' title="bbox 134 637 1088 721; baseline -0.003 -20"><span class='ocrx_word' id='word_1_15' title='bbox 134 641 187 701; x_wconf 88' lang='lat' dir='ltr'><strong>tias</strong></span> <span class='ocrx_word' id='word_1_16' title='bbox 211 640 340 701; x_wconf 77' lang='lat' dir='ltr'>circiter</span> <span class='ocrx_word' id='word_1_17' title='bbox 368 641 479 702; x_wconf 88' lang='lat' dir='ltr'><strong>lineae</strong></span> <span class='ocrx_word' id='word_1_18' title='bbox 506 654 618 721; x_wconf 86' lang='lat' dir='ltr'><strong>partes</strong></span> <span class='ocrx_word' id='word_1_19' title='bbox 649 639 884 717; x_wconf 74' lang='lat' dir='ltr'><strong>aequantibus,</strong></span> <span class='ocrx_word' id='word_1_20' title='bbox 913 637 1019 698; x_wconf 87' lang='lat' dir='ltr'><strong>rarius</strong></span> <span class='ocrx_word' id='word_1_21' title='bbox 1049 637 1088 710; x_wconf 91' lang='lat' dir='ltr'><strong>li-</strong></span> 
     </span>
     <span class='ocr_line' id='line_1_5' title="bbox 135 727 1086 823; baseline -0.002 -20"><span class='ocrx_word' id='word_1_22' title='bbox 135 763 228 812; x_wconf 89' lang='lat' dir='ltr'><strong>neam</strong></span> <span class='ocrx_word' id='word_1_23' title='bbox 252 739 512 823; x_wconf 83' lang='lat' dir='ltr'><strong>attingentibus3</strong></span> <span class='ocrx_word' id='word_1_24' title='bbox 536 741 659 821; x_wconf 90' lang='lat' dir='ltr'><strong>quibus</strong></span> <span class='ocrx_word' id='word_1_25' title='bbox 683 763 700 801; x_wconf 91' lang='lat' dir='ltr'><strong>a</strong></span> <span class='ocrx_word' id='word_1_26' title='bbox 723 727 836 802; x_wconf 83' lang='lat' dir='ltr'><strong>tunica</strong></span> <span class='ocrx_word' id='word_1_27' title='bbox 859 741 1086 820; x_wconf 81' lang='lat' dir='ltr'><strong>circumdante</strong></span> 
     </span>
     <span class='ocr_line' id='line_1_6' title="bbox 141 841 1088 935; baseline -0.004 -30"><span class='ocrx_word' id='word_1_28' title='bbox 141 843 284 920; x_wconf 78' lang='lat' dir='ltr'><strong>liberatis</strong></span> <span class='ocrx_word' id='word_1_29' title='bbox 307 860 340 905; x_wconf 81' lang='lat' dir='ltr'><strong>et</strong></span> <span class='ocrx_word' id='word_1_30' title='bbox 368 843 704 935; x_wconf 66' lang='lat' dir='ltr'><strong>pressionelortiori</strong></span> <span class='ocrx_word' id='word_1_31' title='bbox 733 841 896 915; x_wconf 88' lang='lat' dir='ltr'><strong>adhibita,</strong></span> <span class='ocrx_word' id='word_1_32' title='bbox 924 841 1088 901; x_wconf 74' lang='lat' dir='ltr'><strong>Echinos-</strong></span> 
     </span>
     <span class='ocr_line' id='line_1_7' title="bbox 135 942 1088 1027; baseline 0.001 -22"><span class='ocrx_word' id='word_1_33' title='bbox 135 942 285 1027; x_wconf 87' lang='lat' dir='ltr'><strong>hyncbus</strong></span> <span class='ocrx_word' id='word_1_34' title='bbox 307 947 503 1022; x_wconf 82' lang='lat' dir='ltr'><strong>sistebatur,</strong></span> <span class='ocrx_word' id='word_1_35' title='bbox 534 947 661 1011; x_wconf 86' lang='lat' dir='ltr'><strong>lineam</strong></span> <span class='ocrx_word' id='word_1_36' title='bbox 693 959 807 1026; x_wconf 81' lang='lat' dir='ltr'><strong>quarta</strong></span> <span class='ocrx_word' id='word_1_37' title='bbox 832 943 974 1006; x_wconf 86' lang='lat' dir='ltr'><strong>tertiave</strong></span> <span class='ocrx_word' id='word_1_38' title='bbox 994 959 1088 1024; x_wconf 87' lang='lat' dir='ltr'><strong>parte</strong></span> 
     </span>
     <span class='ocr_line' id='line_1_8' title="bbox 138 1047 1084 1134; baseline -0.002 -24"><span class='ocrx_word' id='word_1_39' title='bbox 138 1067 312 1131; x_wconf 83' lang='lat' dir='ltr'><strong>superans,</strong></span> <span class='ocrx_word' id='word_1_40' title='bbox 347 1052 441 1134; x_wconf 88' lang='lat' dir='ltr'><strong>cujus</strong></span> <span class='ocrx_word' id='word_1_41' title='bbox 475 1050 653 1132; x_wconf 88' lang='lat' dir='ltr'><strong>proboscis</strong></span> <span class='ocrx_word' id='word_1_42' title='bbox 690 1047 815 1115; x_wconf 72' lang='lat' dir='ltr'><strong>omlis,</strong></span> <span class='ocrx_word' id='word_1_43' title='bbox 849 1047 976 1106; x_wconf 90' lang='lat' dir='ltr'><strong>collum</strong></span> <span class='ocrx_word' id='word_1_44' title='bbox 1001 1067 1084 1108; x_wconf 90' lang='lat' dir='ltr'><strong>vero</strong></span> 
     </span>
     <span class='ocr_line' id='line_1_9' title="bbox 140 1129 1087 1232; baseline 0.003 -21"><span class='ocrx_word' id='word_1_45' title='bbox 140 1129 269 1232; x_wconf 80' lang='lat' dir='ltr'><strong>cingulo</strong></span> <span class='ocrx_word' id='word_1_46' title='bbox 295 1156 421 1224; x_wconf 82' lang='lat' dir='ltr'><strong>aculeis</strong></span> <span class='ocrx_word' id='word_1_47' title='bbox 444 1168 569 1215; x_wconf 88' lang='lat' dir='ltr'><strong>armato</strong></span> <span class='ocrx_word' id='word_1_48' title='bbox 594 1142 820 1228; x_wconf 68' lang='lat' dir='ltr'><strong>instructum,</strong></span> <span class='ocrx_word' id='word_1_49' title='bbox 838 1167 960 1228; x_wconf 86' lang='lat' dir='ltr'><strong>corpus</strong></span> <span class='ocrx_word' id='word_1_50' title='bbox 984 1153 1087 1214; x_wconf 86' lang='lat' dir='ltr'><strong>ovale</strong></span> 
     </span>
     <span class='ocr_line' id='line_1_10' title="bbox 140 1250 1087 1336; baseline 0.001 -23"><span class='ocrx_word' id='word_1_51' title='bbox 140 1255 189 1315; x_wconf 88' lang='lat' dir='ltr'><strong>vel</strong></span> <span class='ocrx_word' id='word_1_52' title='bbox 210 1255 418 1336; x_wconf 83' lang='lat' dir='ltr'><strong>oblongum,</strong></span> <span class='ocrx_word' id='word_1_53' title='bbox 451 1255 545 1336; x_wconf 84' lang='lat' dir='ltr'><strong>apice</strong></span> <span class='ocrx_word' id='word_1_54' title='bbox 576 1253 707 1315; x_wconf 86' lang='lat' dir='ltr'><strong>caudali</strong></span> <span class='ocrx_word' id='word_1_55' title='bbox 738 1250 971 1312; x_wconf 89' lang='lat' dir='ltr'><strong>obtusiusculo</strong></span> <span class='ocrx_word' id='word_1_56' title='bbox 996 1254 1087 1315; x_wconf 86' lang='lat' dir='ltr'><strong>exhi-</strong></span> 
     </span>
     <span class='ocr_line' id='line_1_11' title="bbox 140 1339 1088 1419; baseline 0.003 -3"><span class='ocrx_word' id='word_1_57' title='bbox 140 1339 198 1417; x_wconf 83' lang='lat' dir='ltr'><strong>bita</strong></span> <span class='ocrx_word' id='word_1_58' title='bbox 221 1355 327 1418; x_wconf 59' lang='lat' dir='ltr'><strong>suntr&#39;</strong></span> <span class='ocrx_word' id='word_1_59' title='bbox 354 1344 535 1417; x_wconf 87' lang='lat' dir='ltr'><strong>Proboscis</strong></span> <span class='ocrx_word' id='word_1_60' title='bbox 569 1356 778 1417; x_wconf 86' lang='lat' dir='ltr'><strong>uncinorunr</strong></span> <span class='ocrx_word' id='word_1_61' title='bbox 809 1351 1088 1419; x_wconf 83' lang='lat' dir='ltr'><strong>densissimorum</strong></span> 
     </span>
     <span class='ocr_line' id='line_1_12' title="bbox 143 1455 1085 1538; baseline 0.003 -21"><span class='ocrx_word' id='word_1_62' title='bbox 143 1457 312 1521; x_wconf 80' lang='lat' dir='ltr'><strong>duodecim</strong></span> <span class='ocrx_word' id='word_1_63' title='bbox 337 1459 377 1520; x_wconf 90' lang='lat' dir='ltr'><strong>ad</strong></span> <span class='ocrx_word' id='word_1_64' title='bbox 393 1459 651 1538; x_wconf 84' lang='lat' dir='ltr'><strong>quatuordecim</strong></span> <span class='ocrx_word' id='word_1_65' title='bbox 668 1456 827 1528; x_wconf 87' lang='lat' dir='ltr'><strong>seriebus,</strong></span> <span class='ocrx_word' id='word_1_66' title='bbox 851 1455 977 1515; x_wconf 90' lang='lat' dir='ltr'><strong>collum</strong></span> <span class='ocrx_word' id='word_1_67' title='bbox 1001 1480 1085 1522; x_wconf 87' lang='lat' dir='ltr'><strong>vero</strong></span> 
     </span>
     <span class='ocr_line' id='line_1_13' title="bbox 143 1557 1089 1640; baseline 0.005 -21"><span class='ocrx_word' id='word_1_68' title='bbox 143 1560 258 1622; x_wconf 85' lang='lat' dir='ltr'><strong>aculeis</strong></span> <span class='ocrx_word' id='word_1_69' title='bbox 280 1560 415 1634; x_wconf 87' lang='lat' dir='ltr'><strong>reflexis</strong></span> <span class='ocrx_word' id='word_1_70' title='bbox 438 1559 620 1640; x_wconf 82' lang='lat' dir='ltr'><strong>majoribus</strong></span> <span class='ocrx_word' id='word_1_71' title='bbox 650 1575 682 1633; x_wconf 89' lang='lat' dir='ltr'><strong>at</strong></span> <span class='ocrx_word' id='word_1_72' title='bbox 709 1558 818 1627; x_wconf 85' lang='lat' dir='ltr'><strong>laxius</strong></span> <span class='ocrx_word' id='word_1_73' title='bbox 849 1557 1018 1639; x_wconf 87' lang='lat' dir='ltr'><strong>dispositis</strong></span> <span class='ocrx_word' id='word_1_74' title='bbox 1041 1561 1089 1623; x_wconf 89' lang='lat' dir='ltr'><strong>in·</strong></span> 
     </span>
     <span class='ocr_line' id='line_1_14' title="bbox 92 1649 502 1735; baseline 0.002 -14"><span class='ocrx_word' id='word_1_75' title='bbox 92 1724 93 1733; x_wconf 49' lang='grc'>,</span> <span class='ocrx_word' id='word_1_76' title='bbox 143 1675 291 1724; x_wconf 84' lang='lat' dir='ltr'><strong>structum</strong></span> <span class='ocrx_word' id='word_1_77' title='bbox 315 1662 396 1735; x_wconf 77' lang='lat' dir='ltr'><strong>visa.</strong></span> <span class='ocrx_word' id='word_1_78' title='bbox 499 1649 502 1653; x_wconf 34' lang='lat'>⁸</span> 
     </span>
    </p>

    <p class='ocr_par' dir='ltr' id='par_1_3' title="bbox 239 1761 1088 1844">
     <span class='ocr_line' id='line_1_15' title="bbox 239 1761 1088 1844; baseline 0.004 -20"><span class='ocrx_word' id='word_1_79' title='bbox 239 1767 392 1836; x_wconf 77' lang='lat' dir='ltr'><strong>Tandem</strong></span> <span class='ocrx_word' id='word_1_80' title='bbox 427 1763 568 1826; x_wconf 90' lang='lat' dir='ltr'><strong>unicum</strong></span> <span class='ocrx_word' id='word_1_81' title='bbox 605 1764 734 1827; x_wconf 83' lang='lat' dir='ltr'><strong>offendi</strong></span> <span class='ocrx_word' id='word_1_82' title='bbox 761 1761 1088 1844; x_wconf 85' lang='lat' dir='ltr'><strong>Echinorlrynchum</strong></span> 
     </span>
    </p>

    <p class='ocr_par' dir='ltr' id='par_1_4' title="bbox 92 1861 1090 3176">
     <span class='ocr_line' id='line_1_16' title="bbox 145 1861 1088 1948; baseline 0.005 -24"><span class='ocrx_word' id='word_1_83' title='bbox 145 1861 240 1930; x_wconf 88' lang='lat' dir='ltr'><strong>libere</strong></span> <span class='ocrx_word' id='word_1_84' title='bbox 268 1871 446 1948; x_wconf 86' lang='lat' dir='ltr'><strong>peritoneo</strong></span> <span class='ocrx_word' id='word_1_85' title='bbox 480 1870 710 1929; x_wconf 86' lang='lat' dir='ltr'><strong>inhaerentem</strong></span> <span class='ocrx_word' id='word_1_86' title='bbox 742 1886 857 1944; x_wconf 90' lang='lat' dir='ltr'><strong>neque</strong></span> <span class='ocrx_word' id='word_1_87' title='bbox 890 1865 1010 1927; x_wconf 89' lang='lat' dir='ltr'><strong>tunicis</strong></span> <span class='ocrx_word' id='word_1_88' title='bbox 1040 1869 1088 1929; x_wconf 91' lang='lat' dir='ltr'><strong>in-</strong></span> 
     </span>
     <span class='ocr_line' id='line_1_17' title="bbox 102 1968 1087 2052; baseline 0.01 -29"><span class='ocrx_word' id='word_1_89' title='bbox 102 2014 104 2022; x_wconf 84' lang='lat'>.</span> <span class='ocrx_word' id='word_1_90' title='bbox 146 1971 301 2045; x_wconf 82' lang='lat' dir='ltr'><strong>volutum,</strong></span> <span class='ocrx_word' id='word_1_91' title='bbox 326 1970 385 2050; x_wconf 87' lang='lat' dir='ltr'><strong>qui</strong></span> <span class='ocrx_word' id='word_1_92' title='bbox 405 1971 554 2052; x_wconf 82' lang='lat' dir='ltr'><strong>perfecte</strong></span> <span class='ocrx_word' id='word_1_93' title='bbox 577 1971 736 2034; x_wconf 88' lang='lat' dir='ltr'><strong>evolutus</strong></span> <span class='ocrx_word' id='word_1_94' title='bbox 753 1968 852 2038; x_wconf 84' lang='lat' dir='ltr'><strong>aliam</strong></span> <span class='ocrx_word' id='word_1_95' title='bbox 875 1969 997 2030; x_wconf 91' lang='lat' dir='ltr'><strong>obtulit</strong></span> <span class='ocrx_word' id='word_1_96' title='bbox 1019 1991 1087 2052; x_wconf 89' lang='lat' dir='ltr'><strong>spe·</strong></span> 
     </span>
     <span class='ocr_line' id='line_1_18' title="bbox 147 2087 227 2132; baseline 0.075 -6"><span class='ocrx_word' id='word_1_97' title='bbox 147 2087 227 2132; x_wconf 87' lang='lat' dir='ltr'><strong>uem.</strong></span> 
     </span>
     <span class='ocr_line' id='line_1_19' title="bbox 92 2173 1089 2258; baseline 0.008 -25"><span class='ocrx_word' id='word_1_98' title='bbox 92 2240 94 2258; x_wconf 26' lang='grc' dir='ltr'><strong><em>ἲ</em></strong></span> <span class='ocrx_word' id='word_1_99' title='bbox 242 2173 356 2254; x_wconf 87' lang='lat' dir='ltr'><strong>Hujus</strong></span> <span class='ocrx_word' id='word_1_100' title='bbox 380 2175 460 2235; x_wconf 87' lang='lat' dir='ltr'><strong>duas</strong></span> <span class='ocrx_word' id='word_1_101' title='bbox 482 2195 559 2235; x_wconf 91' lang='lat' dir='ltr'><strong>cum</strong></span> <span class='ocrx_word' id='word_1_102' title='bbox 584 2173 723 2236; x_wconf 84' lang='lat' dir='ltr'><strong>dimidia</strong></span> <span class='ocrx_word' id='word_1_103' title='bbox 752 2173 858 2237; x_wconf 87' lang='lat' dir='ltr'><strong>lineas</strong></span> <span class='ocrx_word' id='word_1_104' title='bbox 891 2175 986 2258; x_wconf 82' lang='lat' dir='ltr'><strong>longi</strong></span> <span class='ocrx_word' id='word_1_105' title='bbox 1011 2179 1089 2242; x_wconf 85' lang='lat' dir='ltr'><strong>Pro·</strong></span> 
     </span>
     <span class='ocr_line' id='line_1_20' title="bbox 92 2269 1088 2362; baseline 0.007 -27"><span class='ocrx_word' id='word_1_106' title='bbox 92 2292 94 2331; x_wconf 78' lang='grc' dir='ltr'>ἑ</span> <span class='ocrx_word' id='word_1_107' title='bbox 149 2269 243 2338; x_wconf 66' lang='lat' dir='ltr'><strong>boscis</strong></span> <span class='ocrx_word' id='word_1_108' title='bbox 271 2276 486 2358; x_wconf 81' lang='lat' dir='ltr'><strong>longissima,</strong></span> <span class='ocrx_word' id='word_1_109' title='bbox 523 2293 624 2352; x_wconf 89' lang='lat' dir='ltr'><strong>teres,</strong></span> <span class='ocrx_word' id='word_1_110' title='bbox 659 2277 695 2337; x_wconf 90' lang='lat' dir='ltr'><strong>in</strong></span> <span class='ocrx_word' id='word_1_111' title='bbox 734 2291 798 2336; x_wconf 82' lang='lat' dir='ltr'><strong>tres</strong></span> <span class='ocrx_word' id='word_1_112' title='bbox 828 2291 937 2358; x_wconf 86' lang='lat' dir='ltr'><strong>partes</strong></span> <span class='ocrx_word' id='word_1_113' title='bbox 968 2278 1088 2362; x_wconf 88' lang='lat' dir='ltr'><strong>divisa,</strong></span> 
     </span>
     <span class='ocr_line' id='line_1_21' title="bbox 150 2378 1087 2454; baseline 0.011 -18"><span class='ocrx_word' id='word_1_114' title='bbox 150 2393 278 2453; x_wconf 87' lang='lat' dir='ltr'><strong>quarum</strong></span> <span class='ocrx_word' id='word_1_115' title='bbox 307 2382 419 2441; x_wconf 89' lang='lat' dir='ltr'><strong>media</strong></span> <span class='ocrx_word' id='word_1_116' title='bbox 449 2383 604 2454; x_wconf 85' lang='lat' dir='ltr'><strong>crassior,</strong></span> <span class='ocrx_word' id='word_1_117' title='bbox 638 2378 735 2442; x_wconf 89' lang='lat' dir='ltr'><strong>tertia</strong></span> <span class='ocrx_word' id='word_1_118' title='bbox 765 2391 879 2439; x_wconf 89' lang='lat' dir='ltr'><strong>autem</strong></span> <span class='ocrx_word' id='word_1_119' title='bbox 903 2383 1087 2447; x_wconf 87' lang='lat' dir='ltr'><strong>anteriores</strong></span> 
     </span>
     <span class='ocr_line' id='line_1_22' title="bbox 151 2477 1087 2564; baseline 0.009 -24"><span class='ocrx_word' id='word_1_120' title='bbox 151 2477 218 2541; x_wconf 82' lang='lat' dir='ltr'><strong>duas</strong></span> <span class='ocrx_word' id='word_1_121' title='bbox 239 2481 452 2562; x_wconf 83' lang='lat' dir='ltr'><strong>longitudine</strong></span> <span class='ocrx_word' id='word_1_122' title='bbox 474 2481 544 2546; x_wconf 87' lang='lat' dir='ltr'><strong>fere</strong></span> <span class='ocrx_word' id='word_1_123' title='bbox 568 2483 750 2564; x_wconf 91' lang='lat' dir='ltr'><strong>superavit.</strong></span> <span class='ocrx_word' id='word_1_124' title='bbox 794 2482 915 2544; x_wconf 81' lang='lat' dir='ltr'><strong>Uncini</strong></span> <span class='ocrx_word' id='word_1_125' title='bbox 936 2487 1087 2557; x_wconf 87' lang='lat' dir='ltr'><strong>minutis·</strong></span> 
     </span>
     <span class='ocr_line' id='line_1_23' title="bbox 150 2572 1090 2664; baseline 0.013 -24"><span class='ocrx_word' id='word_1_126' title='bbox 150 2579 223 2656; x_wconf 88' lang='lat' dir='ltr'><strong>simi,</strong></span> <span class='ocrx_word' id='word_1_127' title='bbox 248 2581 456 2658; x_wconf 87' lang='lat' dir='ltr'><strong>densissimi,</strong></span> <span class='ocrx_word' id='word_1_128' title='bbox 491 2572 625 2659; x_wconf 84' lang='lat' dir='ltr'><strong>reflexi,</strong></span> <span class='ocrx_word' id='word_1_129' title='bbox 650 2581 868 2664; x_wconf 85' lang='lat' dir='ltr'><strong>quadraginta</strong></span> <span class='ocrx_word' id='word_1_130' title='bbox 889 2581 1019 2650; x_wconf 86' lang='lat' dir='ltr'><strong>circiter</strong></span> <span class='ocrx_word' id='word_1_131' title='bbox 1041 2609 1090 2652; x_wconf 88' lang='lat' dir='ltr'><strong>se·</strong></span> 
     </span>
     <span class='ocr_line' id='line_1_24' title="bbox 149 2671 1089 2766; baseline 0.001 -25"><span class='ocrx_word' id='word_1_132' title='bbox 149 2671 245 2746; x_wconf 82' lang='lat' dir='ltr'><strong>rielnls</strong></span> <span class='ocrx_word' id='word_1_133' title='bbox 271 2687 469 2755; x_wconf 76' lang='lat' dir='ltr'><strong>transversis</strong></span> <span class='ocrx_word' id='word_1_134' title='bbox 491 2686 653 2766; x_wconf 88' lang='lat' dir='ltr'><strong>dispositi.</strong></span> <span class='ocrx_word' id='word_1_135' title='bbox 687 2686 814 2755; x_wconf 83' lang='lat' dir='ltr'><strong>Collum</strong></span> <span class='ocrx_word' id='word_1_136' title='bbox 837 2687 983 2752; x_wconf 81' lang='lat' dir='ltr'><strong>nullum.</strong></span> <span class='ocrx_word' id='word_1_137' title='bbox 1009 2691 1089 2756; x_wconf 84' lang='lat' dir='ltr'><strong>Gor.</strong></span> 
     </span>
     <span class='ocr_line' id='line_1_25' title="bbox 148 2789 1088 2870; baseline -0.002 -23"><span class='ocrx_word' id='word_1_138' title='bbox 148 2805 199 2863; x_wconf 75' lang='lat' dir='ltr'><strong>pur</strong></span> <span class='ocrx_word' id='word_1_139' title='bbox 220 2789 419 2869; x_wconf 85' lang='lat' dir='ltr'><strong>oblongum,</strong></span> <span class='ocrx_word' id='word_1_140' title='bbox 443 2802 632 2857; x_wconf 88' lang='lat' dir='ltr'><strong>antrorsum</strong></span> <span class='ocrx_word' id='word_1_141' title='bbox 655 2801 877 2867; x_wconf 88' lang='lat' dir='ltr'><strong>angustatum,</strong></span> <span class='ocrx_word' id='word_1_142' title='bbox 897 2793 991 2870; x_wconf 86' lang='lat' dir='ltr'><strong>apice</strong></span> <span class='ocrx_word' id='word_1_143' title='bbox 1014 2814 1088 2857; x_wconf 88' lang='lat' dir='ltr'><strong>cau.</strong></span> 
     </span>
     <span class='ocr_line' id='line_1_26' title="bbox 150 2885 1089 2972; baseline 0 -28"><span class='ocrx_word' id='word_1_144' title='bbox 150 2885 203 2950; x_wconf 84' lang='lat' dir='ltr'><strong>dali</strong></span> <span class='ocrx_word' id='word_1_145' title='bbox 223 2892 328 2972; x_wconf 84' lang='lat' dir='ltr'><strong>longo</strong></span> <span class='ocrx_word' id='word_1_146' title='bbox 353 2891 509 2952; x_wconf 87' lang='lat' dir='ltr'><strong>tenuiore</strong></span> <span class='ocrx_word' id='word_1_147' title='bbox 538 2903 572 2951; x_wconf 90' lang='lat' dir='ltr'><strong>et</strong></span> <span class='ocrx_word' id='word_1_148' title='bbox 595 2891 716 2950; x_wconf 92' lang='lat' dir='ltr'><strong>obtuso</strong></span> <span class='ocrx_word' id='word_1_149' title='bbox 741 2892 965 2953; x_wconf 85' lang='lat' dir='ltr'><strong>terminatum.</strong></span> <span class='ocrx_word' id='word_1_150' title='bbox 1010 2899 1089 2957; x_wconf 86' lang='lat' dir='ltr'><strong>Cor.</strong></span> 
     </span>
     <span class='ocr_line' id='line_1_27' title="bbox 148 2973 1089 3078; baseline 0.011 -28"><span class='ocrx_word' id='word_1_151' title='bbox 148 2973 275 3066; x_wconf 63' lang='lat' dir='ltr'><strong>pudcula</strong></span> <span class='ocrx_word' id='word_1_152' title='bbox 311 2992 379 3052; x_wconf 90' lang='lat' dir='ltr'><strong>duo</strong></span> <span class='ocrx_word' id='word_1_153' title='bbox 417 2992 566 3072; x_wconf 86' lang='lat' dir='ltr'><strong>oblonga</strong></span> <span class='ocrx_word' id='word_1_154' title='bbox 594 3012 613 3050; x_wconf 87' lang='lat' dir='ltr'><strong>a</strong></span> <span class='ocrx_word' id='word_1_155' title='bbox 646 2979 849 3070; x_wconf 80' lang='lat' dir='ltr'><strong>proboscide</strong></span> <span class='ocrx_word' id='word_1_156' title='bbox 889 2994 996 3055; x_wconf 79' lang='lat' dir='ltr'><strong>exorti</strong></span> <span class='ocrx_word' id='word_1_157' title='bbox 1027 2992 1089 3078; x_wconf 82' lang='lat' dir='ltr'><strong>per</strong></span> 
     </span>
     <span class='ocr_line' id='line_1_28' title="bbox 148 3090 856 3176; baseline 0.003 -25"><span class='ocrx_word' id='word_1_158' title='bbox 148 3107 291 3176; x_wconf 84' lang='lat' dir='ltr'><strong>magnam</strong></span> <span class='ocrx_word' id='word_1_159' title='bbox 314 3093 466 3175; x_wconf 84' lang='lat' dir='ltr'><strong>corporis</strong></span> <span class='ocrx_word' id='word_1_160' title='bbox 488 3090 616 3174; x_wconf 84' lang='lat' dir='ltr'><strong>partem</strong></span> <span class='ocrx_word' id='word_1_161' title='bbox 640 3094 856 3159; x_wconf 77' lang='lat' dir='ltr'><strong>translucent.</strong></span> 
     </span>
    </p>

    <p class='ocr_par' dir='ltr' id='par_1_5' title="bbox 136 3196 1138 3793">
     <span class='ocr_line' id='line_1_29' title="bbox 236 3196 1088 3280; baseline 0.005 -22"><span class='ocrx_word' id='word_1_162' title='bbox 236 3199 282 3258; x_wconf 88' lang='lat' dir='ltr'><strong>In</strong></span> <span class='ocrx_word' id='word_1_163' title='bbox 308 3196 449 3277; x_wconf 81' lang='lat' dir='ltr'><strong>Viperae</strong></span> <span class='ocrx_word' id='word_1_164' title='bbox 472 3198 570 3271; x_wconf 80' lang='lat' dir='ltr'><strong>Redi,</strong></span> <span class='ocrx_word' id='word_1_165' title='bbox 590 3196 770 3267; x_wconf 79' lang='lat' dir='ltr'><strong>Bononiae</strong></span> <span class='ocrx_word' id='word_1_166' title='bbox 793 3196 982 3277; x_wconf 80' lang='lat' dir='ltr'><strong>Septembri</strong></span> <span class='ocrx_word' id='word_1_167' title='bbox 1007 3210 1088 3280; x_wconf 72' lang='lat'>1817</span> 
     </span>
     <span class='ocr_line' id='line_1_30' title="bbox 147 3296 1089 3380; baseline 0.006 -24"><span class='ocrx_word' id='word_1_168' title='bbox 147 3311 290 3380; x_wconf 75' lang='lat' dir='ltr'><strong>acceptae</strong></span> <span class='ocrx_word' id='word_1_169' title='bbox 314 3311 347 3360; x_wconf 94' lang='lat' dir='ltr'><strong>et</strong></span> <span class='ocrx_word' id='word_1_170' title='bbox 371 3296 524 3359; x_wconf 85' lang='lat' dir='ltr'><strong>Berolini</strong></span> <span class='ocrx_word' id='word_1_171' title='bbox 549 3297 643 3378; x_wconf 88' lang='lat' dir='ltr'><strong>Majo</strong></span> <span class='ocrx_word' id='word_1_172' title='bbox 677 3309 757 3372; x_wconf 63' lang='lat'>1818</span> <span class='ocrx_word' id='word_1_173' title='bbox 785 3301 937 3360; x_wconf 83' lang='lat' dir='ltr'><strong>mortuae</strong></span> <span class='ocrx_word' id='word_1_174' title='bbox 960 3319 1089 3363; x_wconf 85' lang='lat' dir='ltr'><strong>mesen·</strong></span> 
     </span>
     <span class='ocr_line' id='line_1_31' title="bbox 146 3399 1138 3483; baseline 0.014 -29"><span class='ocrx_word' id='word_1_175' title='bbox 146 3399 219 3460; x_wconf 84' lang='lat' dir='ltr'><strong>terio</strong></span> <span class='ocrx_word' id='word_1_176' title='bbox 244 3399 417 3461; x_wconf 87' lang='lat' dir='ltr'><strong>sacculum</strong></span> <span class='ocrx_word' id='word_1_177' title='bbox 448 3401 564 3461; x_wconf 90' lang='lat' dir='ltr'><strong>album</strong></span> <span class='ocrx_word' id='word_1_178' title='bbox 594 3399 781 3482; x_wconf 86' lang='lat' dir='ltr'><strong>oblongum</strong></span> <span class='ocrx_word' id='word_1_179' title='bbox 809 3403 934 3483; x_wconf 86' lang='lat' dir='ltr'><strong>reperi,</strong></span> <span class='ocrx_word' id='word_1_180' title='bbox 961 3403 1089 3469; x_wconf 88' lang='lat' dir='ltr'><strong>lineam</strong></span> <span class='ocrx_word' id='word_1_181' title='bbox 1136 3448 1138 3452; x_wconf 68' lang='lat'><strong>,</strong></span> 
     </span>
     <span class='ocr_line' id='line_1_32' title="bbox 145 3495 1089 3584; baseline 0.014 -28"><span class='ocrx_word' id='word_1_182' title='bbox 145 3495 285 3584; x_wconf 87' lang='lat' dir='ltr'><strong>longum,</strong></span> <span class='ocrx_word' id='word_1_183' title='bbox 311 3523 353 3564; x_wconf 86' lang='lat' dir='ltr'><strong>ex</strong></span> <span class='ocrx_word' id='word_1_184' title='bbox 376 3521 444 3581; x_wconf 92' lang='lat' dir='ltr'><strong>quo</strong></span> <span class='ocrx_word' id='word_1_185' title='bbox 470 3500 798 3583; x_wconf 86' lang='lat' dir='ltr'><strong>Echinorhynchum</strong></span> <span class='ocrx_word' id='word_1_186' title='bbox 814 3503 940 3567; x_wconf 87' lang='lat' dir='ltr'><strong>extraxi</strong></span> <span class='ocrx_word' id='word_1_187' title='bbox 963 3503 1089 3570; x_wconf 87' lang='lat' dir='ltr'><strong>lineam</strong></span> 
     </span>
     <span class='ocr_line' id='line_1_33' title="bbox 136 3601 1089 3688; baseline 0.009 -25"><span class='ocrx_word' id='word_1_188' title='bbox 136 3601 196 3664; x_wconf 69' lang='lat' dir='ltr'><strong>rix</strong></span> <span class='ocrx_word' id='word_1_189' title='bbox 220 3606 455 3679; x_wconf 85' lang='lat' dir='ltr'><strong>excedentem,</strong></span> <span class='ocrx_word' id='word_1_190' title='bbox 478 3603 678 3685; x_wconf 89' lang='lat' dir='ltr'><strong>proboscide</strong></span> <span class='ocrx_word' id='word_1_191' title='bbox 700 3605 802 3688; x_wconf 83' lang='lat' dir='ltr'><strong>longa</strong></span> <span class='ocrx_word' id='word_1_192' title='bbox 825 3620 1013 3669; x_wconf 85' lang='lat' dir='ltr'><strong>antrorsum</strong></span> <span class='ocrx_word' id='word_1_193' title='bbox 1035 3631 1089 3672; x_wconf 91' lang='lat' dir='ltr'><strong>au·</strong></span> 
     </span>
     <span class='ocr_line' id='line_1_34' title="bbox 146 3713 1087 3793; baseline 0.013 -28"><span class='ocrx_word' id='word_1_194' title='bbox 146 3717 195 3780; x_wconf 80' lang='lat' dir='ltr'><strong>cta,</strong></span> <span class='ocrx_word' id='word_1_195' title='bbox 207 3728 351 3789; x_wconf 89' lang='lat' dir='ltr'><strong>corpore</strong></span> <span class='ocrx_word' id='word_1_196' title='bbox 374 3721 562 3768; x_wconf 90' lang='lat' dir='ltr'><strong>antrorsum</strong></span> <span class='ocrx_word' id='word_1_197' title='bbox 585 3718 765 3782; x_wconf 81' lang='lat' dir='ltr'><strong>attenuato,</strong></span> <span class='ocrx_word' id='word_1_198' title='bbox 778 3724 870 3789; x_wconf 89' lang='lat' dir='ltr'><strong>parte</strong></span> <span class='ocrx_word' id='word_1_199' title='bbox 883 3713 1087 3793; x_wconf 84' lang='lat' dir='ltr'><strong>insequente</strong></span> 
     </span>
    </p>
   </div>
   <div class='ocr_carea' id='block_1_3' title="bbox 145 3809 1188 3897">
    <p class='ocr_par' dir='ltr' id='par_1_6' title="bbox 145 3809 1188 3897">
     <span class='ocr_line' id='line_1_35' title="bbox 145 3809 1188 3897; baseline 0.014 -32"><span class='ocrx_word' id='word_1_200' title='bbox 145 3809 354 3871; x_wconf 85' lang='lat' dir='ltr'><strong>crassiuscula</strong></span> <span class='ocrx_word' id='word_1_201' title='bbox 371 3824 560 3873; x_wconf 88' lang='lat' dir='ltr'><strong>retrorsum</strong></span> <span class='ocrx_word' id='word_1_202' title='bbox 575 3809 816 3890; x_wconf 70' lang='lat' dir='ltr'><strong>descrescere,</strong></span> <span class='ocrx_word' id='word_1_203' title='bbox 838 3817 960 3897; x_wconf 83' lang='lat' dir='ltr'><strong>procul</strong></span> <span class='ocrx_word' id='word_1_204' title='bbox 982 3815 1088 3887; x_wconf 78' lang='lat' dir='ltr'><strong>dubio</strong></span> <span class='ocrx_word' id='word_1_205' title='bbox 1184 3865 1188 3871; x_wconf 85' lang='lat'>.</span> 
     </span>
    </p>
   </div>
   <div class='ocr_carea' id='block_1_4' title="bbox 143 3899 406 3978">
    <p class='ocr_par' dir='ltr' id='par_1_7' title="bbox 143 3899 406 3978">
     <span class='ocr_line' id='line_1_36' title="bbox 143 3899 406 3978; baseline 0.027 -11"><span class='ocrx_word' id='word_1_206' title='bbox 143 3899 198 3973; x_wconf 86' lang='lat' dir='ltr'><strong>huc</strong></span> <span class='ocrx_word' id='word_1_207' title='bbox 214 3911 406 3978; x_wconf 80' lang='lat' dir='ltr'><strong>facientem.</strong></span> 
     </span>
    </p>
   </div>
   <div class='ocr_carea' id='block_1_5' title="bbox 0 0 1231 4478">
    <p class='ocr_par' dir='ltr' id='par_1_8' title="bbox 0 0 1231 4478">
     <span class='ocr_line' id='line_1_37' title="bbox 0 0 1231 4478; baseline 0 0"><span class='ocrx_word' id='word_1_208' title='bbox 0 0 1231 4478; x_wconf 95' lang='lat' dir='ltr'><strong> </strong></span> 
     </span>
    </p>
   </div>
  </div>
 </body>
</html>
