2452 4478
407 256 685 337 *685-

61 404 210 485 videtur,
232 406 310 474 licet
330 430 490 475 vasorum
511 387 732 488 ramosorntn,¹
754 387 882 492 'magnis'
902 410 1013 493 saccu-

58 510 105 572 lis
125 512 183 573 vel
205 494 428 593 receptaculis
444 514 627 590 unitorum,
640 524 814 595 apparatus
836 511 871 572 in
892 508 1014 573 iisdem

62 610 325 692 conspiciendus
357 616 398 677 ab
422 614 596 687 ,intestinis
619 609 748 678 alienus
765 610 828 685 ‘sit;
861 611 1013 690 mihique¹

12 745 17 751 ·
61 714 178 773 saltem
200 714 356 778 lemnisci
376 740 551 799 nunquam
572 710 695 801 turgidi
719 714 778 781 ve'l
801 726 930 787 teretes,
953 712 1014 774 sed

62 833 197 894 semper
219 818 422 898 complanati
444 820 510 883 visi
532 833 617 900 sunt,
641 820 722 881 'dum
734 816 891 881 intestina
914 800 1014 875 coeca

61 917 318 987 Pentastomatis
332 922 392 985 cel.
404 920 479 983 viro
499 922 584 983 dicta
596 921 725 1003 turgida
748 920 892 1001 reperio,
909 916 1013 977 idem·

61 1038 130 1099 que
154 1019 197 1081 de
218 1018 284 1080 illis
305 1019 586 1103 Amphistomatis
610 1022 789 1084 dicendum
812 1033 872 1083 est.

164 1121 232 1181 Fac
261 1138 376 1186 autem
404 1123 583 1193 lemniscos
614 1146 736 1208 organa
759 1142 833 1185 esse
854 1116 1014 1207 secunda·

58 1220 117 1296 ria,
143 1242 229 1303 quae
250 1243 291 1284 ex
306 1223 450 1295 hutnore
473 1246 536 1309 per
550 1239 660 1288 cutem
679 1228 834 1304 absorpto
858 1235 892 1284 et
911 1219 948 1302 in
965 1241 1013 1282 ca·

56 1344 144 1385 vum
176 1326 356 1386 commune
390 1312 517 1401 delato,
557 1326 770 1391 assimilanda
800 1310 1010 1396 resorbeant,

56 1426 115 1486 vel
151 1427 330 1490 lemniscos
369 1429 408 1487 ab
441 1426 609 1493 anteriore
642 1443 735 1513 parte
773 1425 857 1488 circa
886 1436 1011 1507 organa

54 1528 203 1598 motoria
225 1527 434 1616 proboscidis
457 1542 495 1592 et
501 1529 623 1592 hanc
613 1550 720 1611 tpsam
742 1524 919 1589 nutritioni
939 1545 1012 1605 pro·

54 1628 203 1711 spicere,
228 1630 310 1689 dum
331 1616 468 1711 reliquis
492 1617 573 1693 cutis
602 1635 686 1693 actio
710 1629 871 1708 sufficiat,
895 1641 951 1689 aut
971 1625 1011 1688 si

52 1730 161 1805 milia,
172 1751 258 1813 quae
270 1730 373 1812 tnagis
386 1698 560 1807 arrideant3
552 1731 748 1829 ·nutritioni
759 1751 917 1815 praeesse
930 1746 1013 1793 sem·

51 1848 117 1914 per
140 1833 357 1896 statuendum
381 1830 454 1897 erit.

165 1934 194 2011 §
215 1948 246 2014 5.
293 1935 516 1999 Trematodum
536 1952 615 1997 vasa
637 1894 882 2023 comparando,
905 1928 1011 2021 tripli·

51 2033 107 2096 cia
129 2035 247 2097 saltem
268 2034 428 2116 reperies,
451 2036 607 2118 ovigera,
640 2030 832 2102 ιειιιιιιιιὲιιι
855 2050 887 2098 et
906 2034 1012 2112 nutri-

50 2126 115 2210 tia;
141 2138 184 2198 de
206 2135 271 2199 illis
292 2136 330 2197 in
352 2135 460 2220 capite
480 2137 680 2218 insequente
703 2130 805 2225 ιςἰιιι,
828 2139 870 2200 de
892 2135 942 2197 his
956 2125 1010 2196 au-

50 2254 123 2302 tem
147 2239 313 2319 quaedam
334 2236 427 2299 nun'c
452 2234 623 2321 proferre
636 2242 743 2304 liceat.
793 2240 887 2302 Vasa
907 2235 1011 2301 nutri-

49 2341 97 2410 tia
125 2360 227 2420 saepe
254 2333 305 2402 ad
329 2361 438 2401 unum
473 2330 590 2427 omnia
622 2341 724 2403 valde
756 2338 886 2403 minuta
920 2350 1009 2413 sunt,

50 2442 152 2526 quod
175 2440 218 2510 de
240 2440 544 2513 Monoscomatibus
576 2440 692 2504 saltem
720 2420 812 2507 va'let
839 2440 1009 2529 maximis,

47 2542 220 2611 vesiculas
240 2542 463 2613 referentibus
491 2556 525 2606 et
553 2542 727 2606 transitum
755 2540 852 2625 qtiasi
879 2544 922 2607 ad
945 2544 1008 2627 Cy·
1079 2584 1082 2588 »

49 2644 136 2709 stica
154 2644 437 2745 praeparantibus,
461 2666 625 2735 quorum
618 2653 708 2708 vasa
729 2643 862 2731 o‘vifer'a
883 2642 1007 2731 ovariis

47 2747 184 2830 magnis
202 2750 362 2810 connexis
370 2729 638 2811 distinctis'sima
654 2759 687 2809 et
698 2765 852 2821 maxima,
873 2740 1010 2837 nutritia

47 2848 156 2915 valde
178 2869 282 2930 parva
296 2836 393 2929 sunt,
427 2840 538 2932 qualia
567 2834 718 2911 Tabirl'b'e
741 2836 917 2934 secubdae
917 2822 1009 2963 ἙιξιᾹ

46 2949 150 3016 tertia
188 2965 221 3012 et
253 2966 369 3031 quarta
408 2953 537 3018 sistunt.
591 2947 768 3027 Aliorum,
808 2942 1008 3032 piaeserdna

44 3034 264 3119 Distomacii
280 3052 474 3135 heptatici
470 3056 555 3116 iasa
576 3049 727 3128 nutciti'a,
764 3073 782 3113 a
807 3073 893 3133 poro
918 3065 1009 3121 ante·

45 3158 144 3219 riore
165 3152 318 3232 oriunda,
338 3157 438 3218 valde
461 3176 580 3239 magna
601 3156 697 3228 sunt',
735 3144 773 3215 et
789 3155 928 3257 magnis
940 3142 1007 3269 a'p'i·
1063 3232 1070 3245 .

47 3256 146 3320 cibus
166 3253 281 3317 liberis
305 3257 484 3320 te'r'min'are
505 3255 682 3328 videntur,
693 3242 834 3335 quaiia'
835 3246 1004 3343 inercurid

45 3356 177 3438 injecta
209 3359 249 3418 ab
274 3357 421 3421 Ora-'oue
454 3363 477 3424 l
501 3381 530 3425 c.
545 3341 643 3423 Tab.¹
654 3342 736 3449 VI.
759 3352 839 3438 Fig.
861 3373 891 3434 9.
913 3342 1006 3420 bene

48 3458 220 3525 delineata
238 3458 414 3536 sistuntur;
437 3454 593 3525 successu
606 3444 718 3520 tannen
739 3445 939 3521 feliciore-¹
901 3454 1007 3561 gavi-

46 3581 128 3638 sus,
150 3558 358 3649 mercurium'
377 3562 465 3628 illis
469 3582 517 3628 ex
533 3557 709 3647 apicibus
700 3574 742 3621 ιιι
758 3567 838 3624 'vasa
861 3552 1007 3657 minoris

50 3661 181 3725 ordinis
205 3638 449 3742 superficiem
444 3663 588 3747 tegentia
608 3660 750 3759 transire
773 3660 956 3765 videbis,
947 3670 1004 3731 're-

50 3763 94 3830 tia
117 3763 315 3844 effingentia
336 3769 447 3829 multo
470 3764 659 3831 tenuiora.
728 3772 736 3781 ⁴
770 3831 773 3837 ,
806 3762 823 3785 ·’
868 3772 873 3781 '

154 3866 400 3930 Trematodum
417 3856 645 3951 reliquorum
654 3858 737 3932 vass
754 3850 917 3931 n'utritria'
939 3828 1013 3928 nn:
