2408 4478
402 303 684 378 ..209...

46 454 168 542 ¹specie
189 451 326 529 incerta,
353 450 508 536 quinque
526 455 586 517 vel
609 448 853 535 sexpollic‘aria.
896 456 942 522 In
960 440 1024 528 Ca.

51 565 167 642 talogo
193 550 391 622 Viennensi
413 557 575 637 impresso
594 556 718 621 Corvus
734 556 860 637 Corax,
886 559 1025 646 Corona,
1118 603 1121 611 ,

48 648 248 756 frugilegas,
273 659 404 734 Comix,
429 659 617 737 Monedula,
639 663 843 740 glandarius,
868 661 1022 750 Corpora·

52 781 172 842 lactes,
197 766 293 842 Pico,
316 765 561 846 Pyrrlocoraoc5
587 758 682 826 Falco
704 769 910 846 peregrinus,
933 758 1024 833 lanai

52 873 140 946 rius,
186 867 362 942 subbutco,
411 859 629 950 Lirlzofalc03
662 863 699 926 in
723 867 884 947 Catalogo
906 889 1022 934 manu.

55 974 182 1052 scripto
208 984 380 1051 praeterea
403 967 498 1031 Falco
521 988 670 1050 cyanem,
692 965 839 1032 Filariae
862 970 942 1034 huic
963 968 1021 1035 ub·¹

54 1072 155 1138 noxii
179 1083 430 1134 enumerantur.

166 1175 322 1235 Habetur
344 1172 443 1232 etiam
465 1168 503 1232 in
526 1172 686 1254 Catalogo
709 1172 874 1256 impresso
896 1174 1023 1238 illaria

55 1280 184 1357 derigis
205 1274 390 1357 Braclyori
410 1271 552 1361 seorsim
573 1274 691 1356 posita,
715 1277 775 1338 sed
789 1276 931 1340 eandem
946 1295 1022 1342 esse

57 1378 231 1461 suspicor,
259 1396 361 1457 quam
390 1377 430 1436 ab
455 1398 519 1439 arn.
545 1379 646 1439 Kruo
667 1377 703 1438 in
727 1376 832 1461 Strige
854 1392 1021 1459 repertam

57 1480 191 1562 accepi,
233 1492 266 1541 et
293 1481 333 1540 ab
357 1492 526 1541 attenuata
550 1482 743 1545 Corvorum
765 1496 799 1546 et
826 1482 1021 1546 Falconum

57 1584 158 1646 nullo
182 1583 287 1643 modo
312 1580 519 1663 distinguere
541 1584 653 1649 valeo.

112 1723 149 1796 5.
177 1707 311 1778 Filaria
337 1705 578 1804 unguiculata
603 1712 647 1776 R.
673 1732 712 1782 n.
736 1731 789 1803 sp.

168 1836 252 1901 Am.
276 1838 376 1899 Kruo
407 1837 445 1898 in
479 1836 662 1899 abdomine
695 1838 845 1898 Alaudae
869 1844 1019 1907 amomis

57 1954 226 2024 repertam
250 1939 353 2017 dedit,
378 1938 571 2014 candidam,
614 1958 673 2000 sex
700 1938 840 2020 pollices
870 1942 1019 2024 longam,

58 2043 233 2122 utrinque,
256 2058 445 2127 antrorsum
472 2057 584 2104 tamen
606 2039 711 2122 magis
734 2053 947 2119 attenuatam,
970 2065 1020 2106 ca-

58 2148 130 2229 pite
153 2149 293 2222 obtuso,
321 2147 464 2222 (hocin
486 2143 672 2225 specimine
694 2141 807 2205 minus
829 2146 920 2208 bene
943 2165 1021 2210 con·

61 2249 236 2326 servato),
260 2251 364 2310 cauda
387 2248 512 2310 reflexa
533 2245 761 2327 unguiculata,

170 2349 264 2414 Cutis
276 2365 398 2425 tenera,
423 2369 539 2413 versus
559 2350 781 2430 posteriorem
801 2350 928 2415 vermis
950 2374 1022 2434 par.

60 2468 134 2518 tem
155 2466 264 2534 rupta.
288 2454 479 2516 Oviductus
499 2451 661 2514 intestino
682 2453 891 2518 fuscescente
914 2456 1021 2537 duplo

61 2554 259 2629 crassiores,
288 2555 355 2617 albi
378 2553 516 2618 maculis
543 2554 645 2615 fuscis
668 2558 786 2633 notati,
830 2557 874 2623 de
896 2557 1021 2640 quibus

59 2656 211 2741 speciem
233 2657 472 2740 insequentem
494 2658 658 2726 conferas.

26 2806 30 2815 ·
110 2781 149 2856 6.
175 2784 308 2855 Filaria
333 2783 453 2856 affinis
479 2792 525 2858 R.
551 2809 587 2853 n.
613 2807 666 2877 sp.

169 2904 436 2980 AmeBiurMsnn
472 2929 614 2995 quatuor
647 2909 833 2992 specimina
850 2910 957 2975 'misit
980 2911 1020 2978 in

64 3018 247 3097 Fringillae
266 3035 360 3078 nova
382 3015 493 3097 specie
514 3014 689 3098 Algesirae
708 3026 850 3094 reperta,
873 3033 1023 3094 quorum

63 3121 134 3181 duo
149 3120 320 3200 pollicem,
344 3123 479 3181 tertium
497 3119 582 3180 duos
599 3137 676 3179 cum
689 3113 842 3190 dimidio,
866 3118 1028 3196 quartum-⁴

28 3228 32 3243 '
62 3222 135 3285 fere
159 3233 224 3282 tres
246 3223 386 3302 pollices
413 3220 629 3305 longitudine
656 3223 861 3302 aequabant,
906 3220 1023 3282 omnia

62 3321 222 3386 feminea.
967 3320 983 3344 '''
1013 3336 1017 3343 '

170 3425 328 3485 Entozoa
346 3425 465 3501 albida,
487 3423 669 3506 pellucida,
693 3424 921 3500 crassiuscula‚
937 3422 1024 3486 molt

64 3526 117 3602 lia,
148 3525 338 3608 posteriora
361 3548 478 3590 versus
504 3531 562 3592 vix
585 3526 761 3602 crassiora3
794 3531 907 3610 capite
933 3511 1023 3589 trun}

65 3646 147 3708 cat0,
171 3652 226 3692 ore
248 3629 373 3709 exiguo
393 3631 558 3705 rotundo,
581 3631 687 3692 cauda
710 3634 859 3712 obtusa.¹
955 3645 958 3651 ·
1015 3638 1019 3645 '

106 3764 110 3773 =
174 3733 361 3794 Oviducrus
391 3732 496 3814 ampli
525 3733 699 3796 crassiores
728 3733 765 3793 in
792 3720 927 3815 partem
948 3718 1022 3792 lori·

65 3856 136 3918 garn
160 3834 356 3897 tenuiorem
379 3835 554 3911 desinunt,
600 3856 687 3916 quae
709 3836 813 3896 otrula
834 3820 1021 3907 immatura,

68 3937 215 4022 elliptica
235 3936 403 4015 continet,
446 3937 513 4022 ipsi
540 3939 633 4006 enim
661 3939 790 4021 majora
812 3934 1022 4002 subrotunda

686 4040 722 4108 Ο
