2452 4478
547 292 609 315 ..
662 273 736 349 550
781 293 843 311 ...

216 450 302 505 rem,
323 424 457 509 angulis
480 422 584 488 acutis
605 427 664 490 vel
695 422 825 488 obtusis
846 420 1115 506 prosilientibus
1132 422 1172 487 in

223 548 402 604 structam,
431 528 493 591 hac
519 529 631 595 illave
653 544 749 611 parte
770 528 945 589 macutant
965 546 1107 609 opacam
1124 530 1174 601 (et-

221 651 285 722 put
307 650 341 695 et
361 651 484 712 corpus
505 635 709 706 retncttun).
730 630 974 702 exhibentem
1002 652 1088 691 mox
1115 650 1174 691 cor·

221 757 285 822 pus
307 737 409 814 longa
438 750 531 814 parte
559 734 786 814 pellucidum,
815 732 897 793 hinc
927 752 1077 812 opacum
1105 732 1175 794 reie-

223 854 322 910 runt;
351 854 383 899 et
410 840 469 916 qui
499 838 745 909 membranulas
772 836 849 895 illas
867 831 1003 913 ‚crispas
1032 837 1094 898 vel
1122 837 1177 896 tol·

216 945 334 1024 -lapsas
355 941 443 1001 solas
467 937 907 1018 videret,..pro.Cysticerco
931 936 993 997 vix
1018 937 1161 1000 haberet.

333 1044 416 1102 Duo
441 1042 625 1121 specimina
646 1040 683 1101 in
703 1042 830 1103 Museo
853 1038 1067 1117 Viennensi,
1090 1037 1177 1100 vario

219 1148 337 1209 tamen
361 1143 468 1203 modo
493 1142 670 1224 duplicata,
694 1146 738 1202 ita
748 1141 932 1218 nimirum,
954 1154 997 1202 ut
1017 1142 1178 1203 vesiculae

216 1248 299 1311 ,basi
321 1245 510 1317 confluant,
540 1245 647 1325 capita
674 1246 748 1322 (aut
769 1243 881 1324 potius
901 1244 981 1304 loca
1005 1264 1114 1325 opaca
1132 1241 1179 1303 itta

229 1345 415 1433 prodentia,
438 1368 515 1407 nam
539 1347 707 1429 ipsanon·
718 1346 944 1430 explicantur)
957 1345 1124 1427 utrinque
1141 1362 1179 1408 te·

228 1449 417 1515 motissinta
441 1449 516 1510 sint.
556 1502 560 1509 .
634 1498 670 1531 ,Ι
888 1446 891 1453 '

335 1550 498 1613 Laminas
522 1551 663 1632 exiguae
685 1573 786 1634 saepe
801 1571 904 1612 unam
920 1551 1113 1614 alteramve
1128 1564 1180 1612 tan

232 1669 314 1725 turn,
338 1655 396 1715 vol
420 1653 521 1714 etiarn
545 1670 620 1731 tres,
644 1671 786 1737 quatuor
806 1653 912 1741 lineas
930 1653 1182 1736 longitudineet

231 1753 411 1818 latitudine
434 1754 608 1837 attingunt.
622 1746 798 1838 Specitn'en
813 1754 931 1835 majus,
944 1757 1047 1837 cujus
1066 1774 1183 1819 mensu·

221 1842 285 1919 rtis
302 1858 430 1929 notavi,
446 1857 552 1938 capite
572 1861 838 1947 euphrationem
850 1857 1142 1945 ,lineaslongum
1153 1859 1183 1918 la·

234 1959 359 2021 tissima
379 1957 513 2024 vesicae
535 1962 663 2047 crispae
678 1954 771 2045 paite
792 1961 998 2037 treslineas
1020 1964 1186 2042 aequabat.
1218 2008 1220 2033 ,

216 2060 442 2135 Maximum,
478 2062 570 2141 quod
599 2060 636 2123 in
655 2056 780 2124 Muse‘o
797 2054 977 2125 'radiareo'
994 2062 1093 2144 ridi,
1114 2064 1187 2124 duos
1217 2040 1220 2157 i

233 2161 376 2243 pollices
399 2161 614 2243 longitudine
635 2163 789 2244 excedit,
818 2163 1001 2228 latitudine
1029 2184 1137 2228 unam
1156 2163 1188 2225 ad

235 2282 299 2326 tres
320 2263 426 2325 lineas
450 2280 581 2346 aequat.

342 2365 539 2447 Longitudo
568 2369 629 2429 ista
658 2370 827 2447 quandam
855 2367 1098 2450 praecedentis
1129 2389 1187 2452 spe·

234 2466 304 2532 ‘ci'ei
326 2469 582 2531 similitudinem
606 2470 737 2550 prodit,
776 2471 889 2557 omnia
916 2472 1058 2552 reliqua
1087 2490 1187 2535 autem

222 2562 346 2633 ¹aliena
370 2587 460 2646 sunt,
491 2593 636 2651 cumque
666 2574 771 2634 multa
799 2575 956 2635 animalia
980 2575 1121 2639 duobus
1143 2579 1187 2636 ob·

229 2662 342 2736 'noxia'
370 2673 437 2735 sint
466 2673 679 2754 Cysticercis,
710 2689 743 2737 et
771 2676 871 2738 facies
902 2676 960 2737 itta
985 2677 1187 2762 crispanuili

238 2793 408 2859 praeterea
441 2778 627 2856 contingat,
650 2775 737 2838 hanc
766 2778 928 2861 speciem,
960 2781 1081 2847 donec
1110 2783 1186 2847 certi·

232 2900 298 2941 *ora
330 2878 571 2957 exhibeantur,
606 2880 787 2962 separatim
826 2887 1102 2949 enumerandam
1129 2904 1185 2951 esse

240 2980 340 3049 duxit·

296 3155 352 3228 13.
379 3140 607 3231 Cystioercus
631 3144 787 3238 Leporis
814 3141 1020 3217 variabilis.

347 3284 432 3348 Am.
454 3288 618 3350 Bnansnrt
640 3289 825 3371 specimina
848 3291 1031 3370 complura
1053 3292 1140 3355 misit
1160 3290 1183 3350 in

241 3393 384 3471 Leporis
415 3390 590 3453 variabilis
623 3391 824 3454 mesenterio
853 3407 1007 3472 reperta,
1039 3417 1139 3460 unam
1156 3391 1184 3454 ad

242 3496 434 3555 tres'lineas
457 3492 574 3573 longa,
597 3493 728 3558 tertiam
750 3493 977 3560 dimidiamve
1000 3496 1115 3563 lineae
1134 3516 1182 3581 par·

241 3606 309 3653 tetn
331 3595 407 3654 lata.
956 3597 959 3601 ’

349 3694 487 3775 Singula
515 3716 637 3777 corpus
665 3694 788 3760 sistunt
814 3701 955 3780 planum
985 3722 1073 3767 mox
1091 3706 1183 3766 oblon·

243 3815 445 3894 gum‚lm0x
467 3801 667 3878 obovatum,
703 3813 795 3879 parte
818 3804 926 3863 antica
951 3825 1077 3886 opaca,
1100 3802 1181 3889 capite

241 3897 355 3958 forsan
374 3896 504 3964 ibidem
532 3921 609 3965 cum
630 3917 725 3986 parte
748 3922 870 3987 rugosa
901 3921 1070 3988 retracto,
1096 3910 1179 3973 itaut
