2452 4478
567 279 848 366 ...462-

229 475 307 528 rum
330 459 406 512 octo
430 444 571 528 pollices
593 448 754 530 longum,
794 445 903 510 antica
924 461 1022 531 parte
1044 450 1122 514 satis
1140 452 1182 514 iu·

230 566 394 630 distincta,
416 549 543 631 postica
566 550 671 612 valde
695 565 923 625 attenuatum,
952 553 1100 617 ulterius
1117 554 1181 618 noir

230 665 426 735 evolutum
460 671 610 730 quorum
640 646 782 715 alterum
816 669 927 715 autem
956 672 1017 718 sex
1047 640 1180 738 pollices

228 776 370 848 longum
398 765 500 832 caput
524 753 720 818 diminuam
744 755 886 830 obtulit,
914 755 965 817 illi
994 759 1181 828 Bothrioce·

228 864 322 959 Phali
344 854 445 922 solidi
463 856 522 917 vel
546 856 670 919 nodosi
693 857 921 935 simillimum,
950 857 1021 922 fere
1046 863 1180 948 triangu-

226 981 317 1045 lare,
350 959 459 1045 apice¹
479 957 589 1020 antico
625 959 852 1037 acutiusculo,
886 959 1047 1025 lateribus
1080 968 1180 1048 planis

227 1071 365 1156 (dorsali
399 1076 434 1127 et
468 1061 629 1141 ventrali)
664 1063 768 1126 fovea
802 1063 914 1126 media
945 1063 1181 1147 longitudiuali

229 1173 382 1247 exaratis,
405 1185 474 1246 quo
500 1164 620 1225 harum
640 1165 749 1228 fundo
774 1169 980 1249 pelluceant.
1027 1171 1180 1256 Corporis

227 1276 370 1351 latitudo
393 1287 487 1350 pone
506 1279 606 1346 caput
628 1267 693 1330 cito
718 1283 878 1351 augetur,
905 1285 943 1332 ut
966 1295 1099 1337 summa
1119 1273 1181 1336 lati.

227 1388 311 1452 tudo
335 1392 401 1440 tres
422 1368 528 1431 lineas
549 1384 697 1450 superet,
720 1386 792 1433 tum
812 1374 916 1456 magIs
937 1377 1119 1458 magisque
1133 1397 1180 1439 rn-

227 1497 412 1575 gustantur,
434 1472 504 1533 fine
525 1474 659 1534 causali
681 1474 783 1538 valde
811 1477 916 1543 tenui.
961 1481 1097 1563 Corpus
1118 1499 1179 1563 pas.

228 1593 291 1656 aim
314 1581 424 1646 obiter
442 1588 620 1669 crematum
641 1590 706 1654 est,
736 1592 769 1639 et
794 1579 992 1642 ovariorttin
1014 1584 1179 1663 quoddam

225 1692 290 1757 vaed
310 1689 390 1748 leve
410 1677 594 1760 vestigium
617 1678 765 1758 exhibet,
786 1700 856 1760 quo
879 1680 1067 1749 similitudo
1089 1706 1180 1769 quae

225 1796 307 1858 dam
328 1780 608 1863 Bothri‘ocephali
630 1781 810 1845 exoriatur.

334 1903 480 1973 Amicus
502 1899 604 1964 simul
628 1897 747 1963 icones
769 1899 858 1963 misit
879 1904 1015 1972 alterius
1039 1901 1180 1988 specimi-

225 2013 292 2096 nis,
315 2002 565 2092 cujusbothria
588 2001 699 2064 adhuc
714 2001 921 2083 distinctiora
943 2006 1020 2083 sint,
1045 2022 1079 2070 et
1099 2010 1181 2072 bene

223 2119 366 2202 quidem
391 2107 559 2172 delineata
581 2102 666 2184 vidi,
689 2105 751 2167 sed
772 2125 848 2166 cum
861 2107 1057 2172 transmisso
1082 2107 1180 2174 omni·

226 2243 275 2288 no
299 2209 552 2281 convenientia.

337 2336 430 2398 Num
453 2323 611 2392 Petecani
632 2324 775 2407 Ligulae
796 2326 864 2388 huc
893 2332 949 2392 vel
972 2330 1015 2391 ad
1037 2333 1179 2414 speciem

226 2438 487 2528 praecedentem
525 2427 732 2511 pertineant,
764 2428 927 2492 incertum
960 2432 1105 2513 quidem
1126 2449 1179 2510 est,

225 2547 289 2609 sed
312 2541 439 2622 species
469 2534 528 2595 itta
553 2532 778 2593 vesicularum
809 2533 1040 2612 oppositarum
1076 2537 1111 2599 in
1132 2536 1180 2600 Li-

223 2649 304 2731 gula
329 2639 487 2706 Pelecani
507 2631 664 2716 pygmaei
678 2645 801 2713 notata,
819 2633 886 2696 huc
901 2635 1014 2719 potius
1037 2640 1179 2705 referen-

226 2755 286 2814 das
306 2765 397 2819 esse,
427 2736 600 2822 persuasit.
1055 2746 1057 2752 ⁴

275 2915 312 2990 4.
337 2899 474 2997 Ligula
499 2917 619 2991 sparsa
644 2897 688 2966 R.
710 2890 798 2964 Tab.
824 2907 858 2980 3.
883 2895 959 2991 Fig.
991 2915 1025 2972 t.

332 3050 419 3116 Am.
456 3046 599 3122 Gsnnn,
631 3061 725 3102 nunc
752 3039 931 3102 Professor
963 3043 1179 3126 Leodieusis,

222 3153 378 3223 Berolini
400 3147 494 3213 Junii
518 3144 729 3207 (LXXVII.
755 3142 846 3211 1816.
870 3142 902 3202 in
928 3142 1100 3215 intestinis
1122 3153 1180 3217 00.

222 3262 329 3346 cynthi
351 3253 486 3319 cristati
497 3247 633 3329 Ligulas
652 3243 811 3327 plurimes
833 3244 958 3325 reperit
980 3263 1014 3312 et
1028 3271 1178 3318 recentes

223 3382 360 3428 mecum
382 3345 654 3419 communicavit.
726 3409 728 3413 Α

330 3481 417 3540 Tres
440 3473 482 3534 ad
505 3490 564 3532 sex
586 3462 728 3549 pollices
743 3452 876 3548 longae,
901 3465 1080 3553 candidae,
1105 3492 1175 3535 ova·

225 3583 357 3646 riorum
390 3582 478 3641 linea
512 3570 737 3651 nigrescente.
791 3566 995 3632 Adulterum
1034 3590 1176 3638 extrema

224 3707 288 3770 pro
310 3703 406 3745 more
428 3673 657 3749 crassiuscula‚
683 3669 852 3751 reliquum
881 3693 1005 3753 corpus
1027 3680 1174 3748 tenuium

224 3787 297 3854 aliis
320 3804 427 3863 aeque
447 3778 576 3862 magnis
597 3775 687 3836 haud
709 3788 915 3836 attenuatum
932 3775 1009 3845 fuit.
1165 3763 1170 3772 ’

337 3903 466 3972 Ovaria
487 3893 653 3964 foramina
672 3893 797 3961 habent
817 3893 996 3982 impressa,
1020 3908 1172 3967 transver·
