<?xml version="1.0" encoding="UTF-8"?>
<!DOCTYPE html PUBLIC "-//W3C//DTD XHTML 1.0 Transitional//EN"
    "http://www.w3.org/TR/xhtml1/DTD/xhtml1-transitional.dtd">
<html xmlns="http://www.w3.org/1999/xhtml" xml:lang="en" lang="en">
 <head>
  <title>
</title>
<meta http-equiv="Content-Type" content="text/html;charset=utf-8" />
  <meta name='ocr-system' content='tesseract 3.04.00' />
  <meta name='ocr-capabilities' content='ocr_page ocr_carea ocr_par ocr_line ocrx_word'/>
</head>
<body>
  <div class='ocr_page' id='page_1' title='image "./entozoorumsynop00rudogoog/entozoorumsynop00rudogoog_0365.png"; bbox 0 0 2408 4478; ppageno 0'>
   <div class='ocr_carea' id='block_1_1' title="bbox 241 233 888 486">
    <p class='ocr_par' dir='ltr' id='par_1_1' title="bbox 241 233 888 486">
     <span class='ocr_line' id='line_1_1' title="bbox 524 233 808 306; baseline -0.018 1"><span class='ocrx_word' id='word_1_1' title='bbox 524 250 576 287; x_wconf 91' lang='grc'><em>““-“</em></span> <span class='ocrx_word' id='word_1_2' title='bbox 627 233 723 306; x_wconf 72' lang='lat'>368·</span> <span class='ocrx_word' id='word_1_3' title='bbox 754 253 808 273; x_wconf 89' lang='lat'><strong>··</strong></span> 
     </span>
     <span class='ocr_line' id='line_1_2' title="bbox 241 389 888 486; baseline -0.003 -22"><span class='ocrx_word' id='word_1_4' title='bbox 241 412 299 466; x_wconf 80' lang='lat' dir='ltr'><strong>tt.</strong></span> <span class='ocrx_word' id='word_1_5' title='bbox 324 389 584 486; x_wconf 82' lang='lat' dir='ltr'><strong>Amphistoma</strong></span> <span class='ocrx_word' id='word_1_6' title='bbox 606 390 810 483; x_wconf 73' lang='lat' dir='ltr'>sphaerula</span> <span class='ocrx_word' id='word_1_7' title='bbox 835 394 888 462; x_wconf 75' lang='lat' dir='ltr'><strong>R.</strong></span> 
     </span>
    </p>
   </div>
   <div class='ocr_carea' id='block_1_2' title="bbox 189 532 1164 1218">
    <p class='ocr_par' dir='ltr' id='par_1_2' title="bbox 189 532 1164 1218">
     <span class='ocr_line' id='line_1_3' title="bbox 295 532 1164 616; baseline 0 -15"><span class='ocrx_word' id='word_1_8' title='bbox 295 541 498 601; x_wconf 77' lang='lat' dir='ltr'><strong>Baritsnuos</strong></span> <span class='ocrx_word' id='word_1_9' title='bbox 521 534 703 616; x_wconf 83' lang='lat' dir='ltr'><strong>specimina</strong></span> <span class='ocrx_word' id='word_1_10' title='bbox 726 532 816 594; x_wconf 84' lang='lat' dir='ltr'>misit</span> <span class='ocrx_word' id='word_1_11' title='bbox 838 534 879 596; x_wconf 93' lang='lat' dir='ltr'><strong>in</strong></span> <span class='ocrx_word' id='word_1_12' title='bbox 907 533 1087 598; x_wconf 78' lang='lat' dir='ltr'>intestinis</span> <span class='ocrx_word' id='word_1_13' title='bbox 1102 539 1164 603; x_wconf 79' lang='lat' dir='ltr'><strong>Cor·</strong></span> 
     </span>
     <span class='ocr_line' id='line_1_4' title="bbox 189 636 1163 719; baseline -0.002 -13"><span class='ocrx_word' id='word_1_14' title='bbox 189 648 229 710; x_wconf 85' lang='lat' dir='ltr'><strong>vi</strong></span> <span class='ocrx_word' id='word_1_15' title='bbox 253 642 399 706; x_wconf 79' lang='lat' dir='ltr'><strong>Cornicis</strong></span> <span class='ocrx_word' id='word_1_16' title='bbox 420 653 567 719; x_wconf 84' lang='lat' dir='ltr'><strong>reperta,</strong></span> <span class='ocrx_word' id='word_1_17' title='bbox 599 658 678 696; x_wconf 90' lang='lat' dir='ltr'><strong>cum</strong></span> <span class='ocrx_word' id='word_1_18' title='bbox 708 636 774 698; x_wconf 92' lang='lat' dir='ltr'><strong>illis</strong></span> <span class='ocrx_word' id='word_1_19' title='bbox 798 657 891 716; x_wconf 88' lang='lat' dir='ltr'><strong>quae</strong></span> <span class='ocrx_word' id='word_1_20' title='bbox 925 637 1020 699; x_wconf 85' lang='lat' dir='ltr'><strong>oiim</strong></span> <span class='ocrx_word' id='word_1_21' title='bbox 1052 644 1163 704; x_wconf 77' lang='lat' dir='ltr'><strong>eodem</strong></span> 
     </span>
     <span class='ocr_line' id='line_1_5' title="bbox 190 739 1163 820; baseline -0.004 -9"><span class='ocrx_word' id='word_1_22' title='bbox 190 751 269 811; x_wconf 87' lang='lat' dir='ltr'><strong>loco</strong></span> <span class='ocrx_word' id='word_1_23' title='bbox 292 742 518 812; x_wconf 82' lang='lat' dir='ltr'><strong>offenderam,</strong></span> <span class='ocrx_word' id='word_1_24' title='bbox 545 754 693 800; x_wconf 85' lang='lat' dir='ltr'><strong>ceterum</strong></span> <span class='ocrx_word' id='word_1_25' title='bbox 716 739 996 820; x_wconf 84' lang='lat' dir='ltr'><strong>convenientia,</strong></span> <span class='ocrx_word' id='word_1_26' title='bbox 1022 745 1084 805; x_wconf 92' lang='lat' dir='ltr'><strong>sed</strong></span> <span class='ocrx_word' id='word_1_27' title='bbox 1106 766 1163 807; x_wconf 87' lang='lat' dir='ltr'><strong>ma·</strong></span> 
     </span>
     <span class='ocr_line' id='line_1_6' title="bbox 189 839 1162 931; baseline 0 -22"><span class='ocrx_word' id='word_1_28' title='bbox 189 843 275 931; x_wconf 85' lang='lat' dir='ltr'><strong>jora,</strong></span> <span class='ocrx_word' id='word_1_29' title='bbox 296 859 333 906; x_wconf 92' lang='lat' dir='ltr'><strong>ut</strong></span> <span class='ocrx_word' id='word_1_30' title='bbox 356 842 501 924; x_wconf 85' lang='lat' dir='ltr'><strong>plurima</strong></span> <span class='ocrx_word' id='word_1_31' title='bbox 524 839 650 901; x_wconf 84' lang='lat' dir='ltr'><strong>lineam</strong></span> <span class='ocrx_word' id='word_1_32' title='bbox 674 841 856 923; x_wconf 84' lang='lat' dir='ltr'><strong>attingant,</strong></span> <span class='ocrx_word' id='word_1_33' title='bbox 895 857 930 905; x_wconf 90' lang='lat' dir='ltr'><strong>et</strong></span> <span class='ocrx_word' id='word_1_34' title='bbox 955 863 1070 923; x_wconf 89' lang='lat' dir='ltr'><strong>porus</strong></span> <span class='ocrx_word' id='word_1_35' title='bbox 1093 849 1162 909; x_wconf 90' lang='lat' dir='ltr'><strong>anti·</strong></span> 
     </span>
     <span class='ocr_line' id='line_1_7' title="bbox 195 940 1162 1027; baseline -0.001 -15"><span class='ocrx_word' id='word_1_36' title='bbox 195 970 253 1013; x_wconf 86' lang='lat' dir='ltr'><strong>cus</strong></span> <span class='ocrx_word' id='word_1_37' title='bbox 275 948 312 1011; x_wconf 92' lang='lat' dir='ltr'><strong>in</strong></span> <span class='ocrx_word' id='word_1_38' title='bbox 340 945 455 1006; x_wconf 88' lang='lat' dir='ltr'><strong>medio</strong></span> <span class='ocrx_word' id='word_1_39' title='bbox 491 940 606 1022; x_wconf 85' lang='lat' dir='ltr'><strong>capitis</strong></span> <span class='ocrx_word' id='word_1_40' title='bbox 636 942 840 1004; x_wconf 87' lang='lat' dir='ltr'><strong>multiiobati</strong></span> <span class='ocrx_word' id='word_1_41' title='bbox 871 943 912 1006; x_wconf 91' lang='lat' dir='ltr'><strong>in</strong></span> <span class='ocrx_word' id='word_1_42' title='bbox 943 962 1162 1027; x_wconf 86' lang='lat' dir='ltr'><strong>conspectum</strong></span> 
     </span>
     <span class='ocr_line' id='line_1_8' title="bbox 195 1042 1163 1124; baseline -0.002 -9"><span class='ocrx_word' id='word_1_43' title='bbox 195 1049 330 1122; x_wconf 84' lang='lat' dir='ltr'><strong>veniat,</strong></span> <span class='ocrx_word' id='word_1_44' title='bbox 361 1049 418 1108; x_wconf 88' lang='lat' dir='ltr'><strong>vel</strong></span> <span class='ocrx_word' id='word_1_45' title='bbox 445 1042 660 1124; x_wconf 85' lang='lat' dir='ltr'><strong>orbicularis,</strong></span> <span class='ocrx_word' id='word_1_46' title='bbox 695 1047 754 1109; x_wconf 90' lang='lat' dir='ltr'><strong>vel</strong></span> <span class='ocrx_word' id='word_1_47' title='bbox 787 1047 914 1110; x_wconf 88' lang='lat' dir='ltr'><strong>rimam</strong></span> <span class='ocrx_word' id='word_1_48' title='bbox 936 1062 1163 1113; x_wconf 85' lang='lat' dir='ltr'><strong>transversam</strong></span> 
     </span>
     <span class='ocr_line' id='line_1_9' title="bbox 196 1149 381 1218; baseline -0.016 0"><span class='ocrx_word' id='word_1_49' title='bbox 196 1149 381 1218; x_wconf 79' lang='lat' dir='ltr'><strong>mentiens.</strong></span> 
     </span>
    </p>
   </div>
   <div class='ocr_carea' id='block_1_3' title="bbox 253 1269 872 1365">
    <p class='ocr_par' dir='ltr' id='par_1_3' title="bbox 253 1269 872 1365">
     <span class='ocr_line' id='line_1_10' title="bbox 253 1269 872 1365; baseline -0.003 -20"><span class='ocrx_word' id='word_1_50' title='bbox 253 1294 311 1347; x_wconf 82' lang='lat' dir='ltr'><strong>ta.</strong></span> <span class='ocrx_word' id='word_1_51' title='bbox 334 1271 594 1365; x_wconf 84' lang='lat' dir='ltr'><strong>Amphistoma</strong></span> <span class='ocrx_word' id='word_1_52' title='bbox 621 1269 800 1364; x_wconf 88' lang='lat' dir='ltr'><strong>pileatum</strong></span> <span class='ocrx_word' id='word_1_53' title='bbox 826 1277 872 1344; x_wconf 83' lang='lat' dir='ltr'><strong>R.</strong></span> 
     </span>
    </p>
   </div>
   <div class='ocr_carea' id='block_1_4' title="bbox 203 1401 1169 2202">
    <p class='ocr_par' dir='ltr' id='par_1_4' title="bbox 303 1401 1165 1582">
     <span class='ocr_line' id='line_1_11' title="bbox 303 1401 1165 1491; baseline 0.002 -28"><span class='ocrx_word' id='word_1_54' title='bbox 303 1405 527 1469; x_wconf 85' lang='lat' dir='ltr'><strong>Monostoma</strong></span> <span class='ocrx_word' id='word_1_55' title='bbox 556 1401 717 1480; x_wconf 90' lang='lat' dir='ltr'><strong>pileatum</strong></span> <span class='ocrx_word' id='word_1_56' title='bbox 742 1404 865 1465; x_wconf 84' lang='lat' dir='ltr'><strong>Entoz.</strong></span> <span class='ocrx_word' id='word_1_57' title='bbox 893 1406 950 1474; x_wconf 81' lang='lat'><strong>11.</strong></span> <span class='ocrx_word' id='word_1_58' title='bbox 987 1409 1028 1472; x_wconf 81' lang='lat'><strong>1.&#39;</strong></span> <span class='ocrx_word' id='word_1_59' title='bbox 1046 1428 1082 1491; x_wconf 80' lang='lat' dir='ltr'><strong>p.</strong></span> <span class='ocrx_word' id='word_1_60' title='bbox 1102 1420 1165 1489; x_wconf 69' lang='lat'><strong>338.</strong></span> 
     </span>
     <span class='ocr_line' id='line_1_12' title="bbox 370 1519 480 1582; baseline 0 -15"><span class='ocrx_word' id='word_1_61' title='bbox 370 1525 406 1567; x_wconf 87' lang='lat' dir='ltr'><strong>n.</strong></span> <span class='ocrx_word' id='word_1_62' title='bbox 428 1519 480 1582; x_wconf 83' lang='lat'><strong>15.</strong></span> 
     </span>
    </p>

    <p class='ocr_par' dir='ltr' id='par_1_5' title="bbox 203 1601 1169 2202">
     <span class='ocr_line' id='line_1_13' title="bbox 309 1601 1166 1685; baseline 0.006 -15"><span class='ocrx_word' id='word_1_63' title='bbox 309 1607 512 1671; x_wconf 72' lang='lat' dir='ltr'><strong>Banusnans</strong></span> <span class='ocrx_word' id='word_1_64' title='bbox 530 1601 715 1685; x_wconf 81' lang='lat' dir='ltr'>specimina</span> <span class='ocrx_word' id='word_1_65' title='bbox 730 1605 824 1669; x_wconf 84' lang='lat' dir='ltr'>dedit</span> <span class='ocrx_word' id='word_1_66' title='bbox 840 1606 877 1669; x_wconf 91' lang='lat' dir='ltr'><strong>in</strong></span> <span class='ocrx_word' id='word_1_67' title='bbox 895 1607 1081 1674; x_wconf 81' lang='lat' dir='ltr'><strong>intestinis</strong></span> <span class='ocrx_word' id='word_1_68' title='bbox 1094 1616 1166 1677; x_wconf 80' lang='lat' dir='ltr'><strong>Ster-</strong></span> 
     </span>
     <span class='ocr_line' id='line_1_14' title="bbox 203 1709 1167 1796; baseline -0.003 -16"><span class='ocrx_word' id='word_1_69' title='bbox 203 1736 266 1780; x_wconf 72' lang='grc' dir='ltr'><strong>παι</strong></span> <span class='ocrx_word' id='word_1_70' title='bbox 285 1715 458 1772; x_wconf 75' lang='lat' dir='ltr'><strong>cariciacae</strong></span> <span class='ocrx_word' id='word_1_71' title='bbox 479 1722 627 1788; x_wconf 86' lang='lat' dir='ltr'><strong>reperta,</strong></span> <span class='ocrx_word' id='word_1_72' title='bbox 664 1709 908 1788; x_wconf 86' lang='lat' dir='ltr'><strong>sesquilineam</strong></span> <span class='ocrx_word' id='word_1_73' title='bbox 936 1712 1068 1796; x_wconf 81' lang='lat' dir='ltr'><strong>longa,</strong></span> <span class='ocrx_word' id='word_1_74' title='bbox 1099 1735 1167 1777; x_wconf 83' lang='lat' dir='ltr'><strong>cras·</strong></span> 
     </span>
     <span class='ocr_line' id='line_1_15' title="bbox 203 1806 1168 1889; baseline -0.001 -11"><span class='ocrx_word' id='word_1_75' title='bbox 203 1812 366 1885; x_wconf 63' lang='lat' dir='ltr'><strong>muscula,</strong></span> <span class='ocrx_word' id='word_1_76' title='bbox 396 1831 473 1876; x_wconf 86' lang='lat' dir='ltr'><strong>cum</strong></span> <span class='ocrx_word' id='word_1_77' title='bbox 507 1806 747 1889; x_wconf 81' lang='lat' dir='ltr'><strong>speciminibus</strong></span> <span class='ocrx_word' id='word_1_78' title='bbox 781 1820 876 1872; x_wconf 85' lang='lat' dir='ltr'><strong>ame</strong></span> <span class='ocrx_word' id='word_1_79' title='bbox 907 1810 945 1872; x_wconf 92' lang='lat' dir='ltr'><strong>in</strong></span> <span class='ocrx_word' id='word_1_80' title='bbox 971 1815 1101 1878; x_wconf 76' lang='lat' dir='ltr'><strong>Scerna</strong></span> <span class='ocrx_word' id='word_1_81' title='bbox 1122 1818 1168 1877; x_wconf 72' lang='lat' dir='ltr'><strong>ffl-</strong></span> 
     </span>
     <span class='ocr_line' id='line_1_16' title="bbox 203 1909 1168 1999; baseline 0 -21"><span class='ocrx_word' id='word_1_82' title='bbox 203 1916 342 1979; x_wconf 76' lang='lat' dir='ltr'><strong>rundtne</strong></span> <span class='ocrx_word' id='word_1_83' title='bbox 363 1911 501 1994; x_wconf 82' lang='lat' dir='ltr'><strong>repertis</strong></span> <span class='ocrx_word' id='word_1_84' title='bbox 526 1909 667 1971; x_wconf 88' lang='lat' dir='ltr'><strong>omnino</strong></span> <span class='ocrx_word' id='word_1_85' title='bbox 698 1913 834 1988; x_wconf 85' lang='lat' dir='ltr'><strong>eadem,</strong></span> <span class='ocrx_word' id='word_1_86' title='bbox 861 1914 924 1975; x_wconf 90' lang='lat' dir='ltr'><strong>sed</strong></span> <span class='ocrx_word' id='word_1_87' title='bbox 956 1917 1006 1976; x_wconf 88' lang='lat' dir='ltr'><strong>ad</strong></span> <span class='ocrx_word' id='word_1_88' title='bbox 1038 1916 1168 1999; x_wconf 84' lang='lat' dir='ltr'><strong>Amphi·</strong></span> 
     </span>
     <span class='ocr_line' id='line_1_17' title="bbox 204 2014 1169 2099; baseline 0 -19"><span class='ocrx_word' id='word_1_89' title='bbox 204 2031 311 2081; x_wconf 75' lang='lat' dir='ltr'><strong>stoma</strong></span> <span class='ocrx_word' id='word_1_90' title='bbox 335 2014 563 2090; x_wconf 83' lang='lat' dir='ltr'><strong>amandanda,</strong></span> <span class='ocrx_word' id='word_1_91' title='bbox 586 2034 690 2092; x_wconf 88' lang='lat' dir='ltr'><strong>porus</strong></span> <span class='ocrx_word' id='word_1_92' title='bbox 711 2015 805 2078; x_wconf 90' lang='lat' dir='ltr'><strong>enim</strong></span> <span class='ocrx_word' id='word_1_93' title='bbox 829 2014 934 2099; x_wconf 87' lang='lat' dir='ltr'><strong>apicis</strong></span> <span class='ocrx_word' id='word_1_94' title='bbox 969 2020 1125 2083; x_wconf 85' lang='lat' dir='ltr'><strong>caudalis</strong></span> <span class='ocrx_word' id='word_1_95' title='bbox 1141 2018 1169 2080; x_wconf 86' lang='lat' dir='ltr'><strong>ii·</strong></span> 
     </span>
     <span class='ocr_line' id='line_1_18' title="bbox 207 2114 698 2202; baseline -0.01 -20"><span class='ocrx_word' id='word_1_96' title='bbox 207 2133 262 2185; x_wconf 85' lang='lat' dir='ltr'><strong>cet</strong></span> <span class='ocrx_word' id='word_1_97' title='bbox 285 2118 428 2202; x_wconf 84' lang='lat' dir='ltr'><strong>exiguus</strong></span> <span class='ocrx_word' id='word_1_98' title='bbox 452 2114 568 2195; x_wconf 86' lang='lat' dir='ltr'><strong>utique</strong></span> <span class='ocrx_word' id='word_1_99' title='bbox 593 2116 698 2182; x_wconf 83' lang='lat' dir='ltr'><strong>adest.</strong></span> 
     </span>
    </p>
   </div>
   <div class='ocr_carea' id='block_1_5' title="bbox 264 2240 1135 2342">
    <p class='ocr_par' dir='ltr' id='par_1_6' title="bbox 264 2240 1135 2342">
     <span class='ocr_line' id='line_1_19' title="bbox 264 2240 1135 2342; baseline 0.008 -30"><span class='ocrx_word' id='word_1_100' title='bbox 264 2259 323 2332; x_wconf 76' lang='lat'><strong>15.</strong></span> <span class='ocrx_word' id='word_1_101' title='bbox 350 2243 609 2334; x_wconf 84' lang='lat' dir='ltr'><strong>Amphistoma</strong></span> <span class='ocrx_word' id='word_1_102' title='bbox 634 2240 909 2312; x_wconf 83' lang='lat' dir='ltr'><strong>denticulatum</strong></span> <span class='ocrx_word' id='word_1_103' title='bbox 935 2248 986 2315; x_wconf 80' lang='lat' dir='ltr'><strong>R.</strong></span> <span class='ocrx_word' id='word_1_104' title='bbox 1016 2273 1056 2317; x_wconf 86' lang='lat' dir='ltr'><strong>n.</strong></span> <span class='ocrx_word' id='word_1_105' title='bbox 1082 2273 1135 2342; x_wconf 82' lang='lat' dir='ltr'><strong>sp.</strong></span> 
     </span>
    </p>
   </div>
   <div class='ocr_carea' id='block_1_6' title="bbox 207 2358 1181 3484">
    <p class='ocr_par' dir='ltr' id='par_1_7' title="bbox 207 2358 1174 2745">
     <span class='ocr_line' id='line_1_20' title="bbox 316 2358 1171 2454; baseline 0.002 -20"><span class='ocrx_word' id='word_1_106' title='bbox 316 2358 510 2454; x_wconf 79' lang='lat' dir='ltr'><strong>specimina</strong></span> <span class='ocrx_word' id='word_1_107' title='bbox 548 2386 692 2450; x_wconf 89' lang='lat' dir='ltr'><strong>quatuor</strong></span> <span class='ocrx_word' id='word_1_108' title='bbox 724 2374 758 2432; x_wconf 94' lang='lat' dir='ltr'><strong>in</strong></span> <span class='ocrx_word' id='word_1_109' title='bbox 796 2371 971 2434; x_wconf 86' lang='lat' dir='ltr'><strong>intestinis</strong></span> <span class='ocrx_word' id='word_1_110' title='bbox 1010 2383 1171 2444; x_wconf 67' lang='lat' dir='ltr'><strong>Alcedim‘s</strong></span> 
     </span>
     <span class='ocr_line' id='line_1_21' title="bbox 207 2475 1172 2562; baseline 0.007 -24"><span class='ocrx_word' id='word_1_111' title='bbox 207 2478 347 2560; x_wconf 81' lang='lat' dir='ltr'><strong>Ispidae</strong></span> <span class='ocrx_word' id='word_1_112' title='bbox 376 2488 508 2554; x_wconf 86' lang='lat' dir='ltr'><strong>reperta</strong></span> <span class='ocrx_word' id='word_1_113' title='bbox 536 2475 577 2533; x_wconf 78' lang='lat' dir='ltr'><strong>ab</strong></span> <span class='ocrx_word' id='word_1_114' title='bbox 612 2494 673 2533; x_wconf 79' lang='lat' dir='ltr'><strong>am.</strong></span> <span class='ocrx_word' id='word_1_115' title='bbox 695 2475 884 2535; x_wconf 78' lang='lat' dir='ltr'><strong>Banmsnno</strong></span> <span class='ocrx_word' id='word_1_116' title='bbox 920 2482 1066 2562; x_wconf 83' lang='lat' dir='ltr'><strong>accepi,</strong></span> <span class='ocrx_word' id='word_1_117' title='bbox 1101 2483 1172 2544; x_wconf 86' lang='lat' dir='ltr'><strong>line·</strong></span> 
     </span>
     <span class='ocr_line' id='line_1_22' title="bbox 209 2575 1174 2664; baseline -0.006 -25"><span class='ocrx_word' id='word_1_118' title='bbox 209 2600 263 2639; x_wconf 90' lang='lat' dir='ltr'><strong>am</strong></span> <span class='ocrx_word' id='word_1_119' title='bbox 286 2578 328 2638; x_wconf 90' lang='lat' dir='ltr'><strong>ad</strong></span> <span class='ocrx_word' id='word_1_120' title='bbox 351 2575 592 2656; x_wconf 88' lang='lat' dir='ltr'><strong>sesquilineam</strong></span> <span class='ocrx_word' id='word_1_121' title='bbox 613 2576 733 2657; x_wconf 82' lang='lat' dir='ltr'><strong>longa,</strong></span> <span class='ocrx_word' id='word_1_122' title='bbox 765 2579 896 2650; x_wconf 87' lang='lat' dir='ltr'><strong>tenuia,</strong></span> <span class='ocrx_word' id='word_1_123' title='bbox 923 2576 964 2638; x_wconf 91' lang='lat' dir='ltr'><strong>in</strong></span> <span class='ocrx_word' id='word_1_124' title='bbox 990 2584 1117 2664; x_wconf 72' lang='lat' dir='ltr'><strong>spirim</strong></span> <span class='ocrx_word' id='word_1_125' title='bbox 1136 2585 1174 2644; x_wconf 71' lang='lat' dir='ltr'><strong>fu.</strong></span> 
     </span>
     <span class='ocr_line' id='line_1_23' title="bbox 210 2678 404 2745; baseline 0 -1"><span class='ocrx_word' id='word_1_126' title='bbox 210 2678 404 2745; x_wconf 80' lang='lat' dir='ltr'><strong>scescentia.</strong></span> 
     </span>
    </p>

    <p class='ocr_par' dir='ltr' id='par_1_8' title="bbox 211 2781 1175 3169">
     <span class='ocr_line' id='line_1_24' title="bbox 260 2781 1175 2868; baseline 0.004 -24"><span class='ocrx_word' id='word_1_127' title='bbox 260 2799 266 2805; x_wconf 86' lang='grc'><em>·</em></span> <span class='ocrx_word' id='word_1_128' title='bbox 292 2783 432 2863; x_wconf 77' lang='lat' dir='ltr'><strong>-Gapuc</strong></span> <span class='ocrx_word' id='word_1_129' title='bbox 454 2781 807 2861; x_wconf 79' lang='lat' dir='ltr'><strong>lanceolam-ovatum,</strong></span> <span class='ocrx_word' id='word_1_130' title='bbox 829 2782 969 2847; x_wconf 88' lang='lat' dir='ltr'><strong>interne</strong></span> <span class='ocrx_word' id='word_1_131' title='bbox 995 2807 1126 2868; x_wconf 88' lang='lat' dir='ltr'><strong>porum</strong></span> <span class='ocrx_word' id='word_1_132' title='bbox 1145 2785 1175 2849; x_wconf 88' lang='lat' dir='ltr'><strong>si·</strong></span> 
     </span>
     <span class='ocr_line' id='line_1_25' title="bbox 211 2884 1175 2973; baseline 0 -24"><span class='ocrx_word' id='word_1_133' title='bbox 211 2897 312 2951; x_wconf 87' lang='lat' dir='ltr'><strong>stens.</strong></span> <span class='ocrx_word' id='word_1_134' title='bbox 357 2886 483 2964; x_wconf 81' lang='lat' dir='ltr'><strong>Corpus</strong></span> <span class='ocrx_word' id='word_1_135' title='bbox 515 2898 623 2960; x_wconf 87' lang='lat' dir='ltr'><strong>teres,</strong></span> <span class='ocrx_word' id='word_1_136' title='bbox 660 2906 678 2944; x_wconf 89' lang='lat' dir='ltr'><strong>a</strong></span> <span class='ocrx_word' id='word_1_137' title='bbox 710 2884 816 2964; x_wconf 88' lang='lat' dir='ltr'><strong>capite</strong></span> <span class='ocrx_word' id='word_1_138' title='bbox 839 2884 979 2947; x_wconf 86' lang='lat' dir='ltr'><strong>tenuius</strong></span> <span class='ocrx_word' id='word_1_139' title='bbox 1007 2891 1175 2973; x_wconf 83' lang='lat' dir='ltr'><strong>incipiens,</strong></span> 
     </span>
     <span class='ocr_line' id='line_1_26' title="bbox 212 2985 1175 3077; baseline 0.008 -34"><span class='ocrx_word' id='word_1_140' title='bbox 212 2987 293 3050; x_wconf 81' lang='lat' dir='ltr'><strong>dein</strong></span> <span class='ocrx_word' id='word_1_141' title='bbox 313 2986 536 3064; x_wconf 81' lang='lat' dir='ltr'><strong>subaequale,</strong></span> <span class='ocrx_word' id='word_1_142' title='bbox 578 2985 671 3065; x_wconf 87' lang='lat' dir='ltr'><strong>apice</strong></span> <span class='ocrx_word' id='word_1_143' title='bbox 695 2988 821 3066; x_wconf 87' lang='lat' dir='ltr'><strong>postico</strong></span> <span class='ocrx_word' id='word_1_144' title='bbox 849 2991 1066 3069; x_wconf 86' lang='lat' dir='ltr'><strong>rotundato,</strong></span> <span class='ocrx_word' id='word_1_145' title='bbox 1101 3011 1175 3077; x_wconf 90' lang='lat' dir='ltr'><strong>poro</strong></span> 
     </span>
     <span class='ocr_line' id='line_1_27' title="bbox 213 3086 771 3169; baseline 0 -19"><span class='ocrx_word' id='word_1_146' title='bbox 213 3086 405 3161; x_wconf 84' lang='lat' dir='ltr'><strong>orbiculari,</strong></span> <span class='ocrx_word' id='word_1_147' title='bbox 430 3087 565 3169; x_wconf 86' lang='lat' dir='ltr'><strong>exigu0,</strong></span> <span class='ocrx_word' id='word_1_148' title='bbox 589 3088 771 3150; x_wconf 85' lang='lat' dir='ltr'><strong>terminali.</strong></span> 
     </span>
    </p>

    <p class='ocr_par' dir='ltr' id='par_1_9' title="bbox 215 3188 1181 3484">
     <span class='ocr_line' id='line_1_28' title="bbox 323 3188 1176 3283; baseline 0.007 -34"><span class='ocrx_word' id='word_1_149' title='bbox 323 3190 402 3270; x_wconf 92' lang='lat' dir='ltr'><strong>Ope</strong></span> <span class='ocrx_word' id='word_1_150' title='bbox 426 3190 524 3251; x_wconf 89' lang='lat' dir='ltr'><strong>lentis</strong></span> <span class='ocrx_word' id='word_1_151' title='bbox 546 3189 677 3254; x_wconf 86' lang='lat' dir='ltr'><strong>fortiter</strong></span> <span class='ocrx_word' id='word_1_152' title='bbox 707 3188 856 3283; x_wconf 82' lang='lat' dir='ltr'><strong>augentis</strong></span> <span class='ocrx_word' id='word_1_153' title='bbox 879 3212 1010 3275; x_wconf 89' lang='lat' dir='ltr'><strong>corpus</strong></span> <span class='ocrx_word' id='word_1_154' title='bbox 1037 3214 1176 3279; x_wconf 80' lang='lat' dir='ltr'><strong>praeser-</strong></span> 
     </span>
     <span class='ocr_line' id='line_1_29' title="bbox 215 3290 1179 3377; baseline 0.003 -24"><span class='ocrx_word' id='word_1_155' title='bbox 215 3290 275 3353; x_wconf 89' lang='lat' dir='ltr'><strong>tim</strong></span> <span class='ocrx_word' id='word_1_156' title='bbox 303 3291 468 3354; x_wconf 85' lang='lat' dir='ltr'><strong>anteriora</strong></span> <span class='ocrx_word' id='word_1_157' title='bbox 497 3313 616 3354; x_wconf 88' lang='lat' dir='ltr'><strong>versus</strong></span> <span class='ocrx_word' id='word_1_158' title='bbox 648 3293 794 3377; x_wconf 86' lang='lat' dir='ltr'><strong>margine</strong></span> <span class='ocrx_word' id='word_1_159' title='bbox 825 3294 1085 3359; x_wconf 83' lang='lat' dir='ltr'><strong>denticulatum</strong></span> <span class='ocrx_word' id='word_1_160' title='bbox 1116 3316 1179 3359; x_wconf 91' lang='lat' dir='ltr'><strong>con·</strong></span> 
     </span>
     <span class='ocr_line' id='line_1_30' title="bbox 215 3394 1181 3484; baseline 0.008 -31"><span class='ocrx_word' id='word_1_161' title='bbox 215 3394 363 3474; x_wconf 88' lang='lat' dir='ltr'><strong>spicitur‚</strong></span> <span class='ocrx_word' id='word_1_162' title='bbox 387 3416 470 3455; x_wconf 89' lang='lat' dir='ltr'><strong>num</strong></span> <span class='ocrx_word' id='word_1_163' title='bbox 494 3416 579 3456; x_wconf 89' lang='lat' dir='ltr'><strong>vero</strong></span> <span class='ocrx_word' id='word_1_164' title='bbox 603 3400 667 3460; x_wconf 88' lang='lat' dir='ltr'><strong>tale</strong></span> <span class='ocrx_word' id='word_1_165' title='bbox 691 3412 1011 3462; x_wconf 81' lang='lat' dir='ltr'><strong>utrumcrenatum</strong></span> <span class='ocrx_word' id='word_1_166' title='bbox 1035 3405 1099 3479; x_wconf 86' lang='lat' dir='ltr'><strong>sit,</strong></span> <span class='ocrx_word' id='word_1_167' title='bbox 1123 3419 1181 3484; x_wconf 85' lang='lat' dir='ltr'><strong>spe·</strong></span> 
     </span>
    </p>
   </div>
   <div class='ocr_carea' id='block_1_7' title="bbox 217 3493 1043 3599">
    <p class='ocr_par' dir='ltr' id='par_1_10' title="bbox 217 3493 1043 3599">
     <span class='ocr_line' id='line_1_31' title="bbox 217 3493 1043 3599; baseline 0.013 -45"><span class='ocrx_word' id='word_1_168' title='bbox 217 3493 380 3558; x_wconf 83' lang='lat' dir='ltr'><strong>ciminum</strong></span> <span class='ocrx_word' id='word_1_169' title='bbox 402 3498 631 3560; x_wconf 84' lang='lat' dir='ltr'><strong>recentiorum</strong></span> <span class='ocrx_word' id='word_1_170' title='bbox 654 3522 795 3564; x_wconf 82' lang='lat' dir='ltr'><strong>examen</strong></span> <span class='ocrx_word' id='word_1_171' title='bbox 818 3501 994 3565; x_wconf 85' lang='lat' dir='ltr'><strong>conficiet.</strong></span> <span class='ocrx_word' id='word_1_172' title='bbox 1030 3571 1043 3599; x_wconf 30' lang='grc' dir='ltr'>ἱ</span> 
     </span>
    </p>
   </div>
   <div class='ocr_carea' id='block_1_8' title="bbox 273 3624 975 3716">
    <p class='ocr_par' dir='ltr' id='par_1_11' title="bbox 273 3624 975 3716">
     <span class='ocr_line' id='line_1_32' title="bbox 273 3624 975 3716; baseline 0.016 -26"><span class='ocrx_word' id='word_1_173' title='bbox 273 3625 331 3700; x_wconf 80' lang='grc'><strong>14.</strong></span> <span class='ocrx_word' id='word_1_174' title='bbox 357 3624 614 3716; x_wconf 85' lang='lat' dir='ltr'><strong>Amphistoma</strong></span> <span class='ocrx_word' id='word_1_175' title='bbox 640 3628 896 3697; x_wconf 81' lang='lat' dir='ltr'><strong>subclavatum</strong></span> <span class='ocrx_word' id='word_1_176' title='bbox 923 3633 975 3701; x_wconf 75' lang='lat' dir='ltr'><strong>R.</strong></span> 
     </span>
    </p>
   </div>
   <div class='ocr_carea' id='block_1_9' title="bbox 219 3745 1184 3947">
    <p class='ocr_par' dir='ltr' id='par_1_12' title="bbox 219 3745 1184 3947">
     <span class='ocr_line' id='line_1_33' title="bbox 327 3745 1184 3831; baseline -0.001 -23"><span class='ocrx_word' id='word_1_177' title='bbox 327 3745 424 3831; x_wconf 75' lang='lat' dir='ltr'><strong>Quae</strong></span> <span class='ocrx_word' id='word_1_178' title='bbox 449 3755 482 3812; x_wconf 91' lang='lat' dir='ltr'><strong>in</strong></span> <span class='ocrx_word' id='word_1_179' title='bbox 506 3753 673 3828; x_wconf 71' lang='lat' dir='ltr'><strong>intestinis</strong></span> <span class='ocrx_word' id='word_1_180' title='bbox 688 3759 805 3818; x_wconf 77' lang='lat' dir='ltr'><strong>Ranae</strong></span> <span class='ocrx_word' id='word_1_181' title='bbox 825 3753 1020 3819; x_wconf 68' lang='lat' dir='ltr'><strong>esculentae</strong></span> <span class='ocrx_word' id='word_1_182' title='bbox 1038 3751 1184 3823; x_wconf 73' lang='lat' dir='ltr'><strong>Berolini</strong></span> 
     </span>
     <span class='ocr_line' id='line_1_34' title="bbox 219 3836 1184 3947; baseline 0.005 -37"><span class='ocrx_word' id='word_1_183' title='bbox 219 3836 360 3908; x_wconf 84' lang='lat' dir='ltr'><strong>Octobri</strong></span> <span class='ocrx_word' id='word_1_184' title='bbox 388 3854 500 3934; x_wconf 85' lang='lat' dir='ltr'><strong>reperi</strong></span> <span class='ocrx_word' id='word_1_185' title='bbox 531 3859 716 3941; x_wconf 83' lang='lat' dir='ltr'><strong>specimina</strong></span> <span class='ocrx_word' id='word_1_186' title='bbox 745 3859 832 3939; x_wconf 90' lang='lat' dir='ltr'><strong>duo,</strong></span> <span class='ocrx_word' id='word_1_187' title='bbox 862 3876 927 3941; x_wconf 87' lang='lat' dir='ltr'><strong>per</strong></span> <span class='ocrx_word' id='word_1_188' title='bbox 958 3859 1100 3947; x_wconf 72' lang='lat' dir='ltr'><strong>aliquot</strong></span> <span class='ocrx_word' id='word_1_189' title='bbox 1122 3858 1184 3923; x_wconf 67' lang='lat' dir='ltr'><strong>dies</strong></span> 
     </span>
    </p>
   </div>
   <div class='ocr_carea' id='block_1_10' title="bbox 0 0 1243 4478">
    <p class='ocr_par' dir='ltr' id='par_1_13' title="bbox 0 0 1243 4478">
     <span class='ocr_line' id='line_1_35' title="bbox 0 0 1243 4478; baseline 0 0"><span class='ocrx_word' id='word_1_190' title='bbox 0 0 1243 4478; x_wconf 95' lang='lat' dir='ltr'><strong> </strong></span> 
     </span>
    </p>
   </div>
  </div>
 </body>
</html>
