2452 4478
481 296 533 315 ··
583 275 669 359 359*
710 288 766 314 ·''

141 427 219 493 viva
243 424 382 493 servavi
415 439 449 491 et
479 440 604 491 attente
631 422 874 508 contemplatus
905 448 995 504 sum,
1029 449 1098 510 quo

140 534 261 596 certior
285 535 388 594 iactus
408 551 494 603 sum,
519 547 647 612 partem
659 544 860 593 attenuatam
885 533 1097 610 anteriorem,

139 614 360 716 posteriorem
375 635 587 695 incrassatam
610 654 692 696 esse.
739 633 910 714 Apertura
935 656 1019 697 vero
1040 656 1098 716 po·

140 739 258 801 sterior
279 758 398 818 magna
420 757 519 816 saepe
543 735 707 816 margines
733 737 891 816 expandit
916 739 972 797 vel
997 740 1097 797 etiam

140 840 309 913 revolvit,
344 862 411 920 quo
445 860 531 919 apex
560 839 709 919 corporis
731 839 878 918 posticus
907 856 984 899 cum
1008 860 1094 920 poro

141 942 261 1023 exiguo
287 941 468 1003 orbiculari
491 939 661 1001 interdum
691 924 846 1000 tubulum
874 943 1015 1001 brevem
1046 958 1096 1001 re·

138 1043 270 1106 ferente
295 1046 338 1104 ob
362 1046 480 1104 oculos
504 1041 652 1123 ponitur.
699 1041 765 1102 Hic
786 1056 850 1118 est,
877 1065 920 1106 ex
942 1064 1010 1124 quo
1035 1045 1096 1104 Ze·

141 1164 246 1206 oenus
266 1145 376 1207 foetus
400 1145 503 1206 vivos
528 1147 620 1225 egeri
647 1143 742 1205 vidit.

178 1242 180 1244 ’
210 1240 213 1243 Δ
246 1247 328 1310 Julii
349 1247 381 1306 d.
404 1246 520 1319 XXV.
549 1248 639 1316 1816.
664 1239 827 1330 Rusonem
849 1247 1013 1327 vulgarem
1037 1246 1096 1322 (ci-

139 1337 297 1426 nereum)
320 1348 560 1422 examinando,
592 1343 810 1428 vesicamque
833 1348 1013 1410 urinariam
1037 1372 1095 1411 en·

141 1441 574 1528 rozoatovere'videndo,
604 1472 697 1513 nova
725 1451 862 1529 quinem
892 1453 1093 1533 exspectavi

141 1556 195 1616 sed
218 1553 313 1615 iilam
341 1552 542 1634 aperiendo,
579 1554 648 1615 duo
678 1553 788 1638 hujus*
807 1552 1091 1635 Amphistomatis

142 1655 323 1736 specimina
344 1655 468 1736 reperi.
544 1646 551 1666 ’
628 1643 631 1647 4

246 1756 561 1821 Οοηῐετῡίεῑοηιει
599 1756 805 1838 clavigerum
840 1781 876 1826 n.
911 1774 962 1840 52.
997 1760 1091 1842 quod

141 1856 231 1951 olim¹
249 1881 325 1933 cum
349 1859 477 1945 Amph.
500 1861 694 1923 subclavato
719 1848 871 1927 miscui.¹

193 2065 249 2140 15.
276 2051 537 2155 Amphistoma
556 2068 766 2155 truncatum
792 2061 837 2126 R.
864 2081 901 2129 n.
927 2081 979 2152 sp.

244 2211 326 2277 Am.
352 2215 465 2293 Orr0,
488 2214 668 2277 Professor
688 2217 994 2297 wratislaviensis,
1023 2243 1094 2287 ma·

138 2339 237 2400 gnam
259 2317 382 2377 horum
406 2333 637 2405 entozoorum‘
654 2318 784 2400 copiam
806 2322 841 2383 in
866 2324 988 2406 hepate
1009 2327 1094 2390 Pho·

137 2441 192 2480 cae
217 2434 379 2500 repertam
403 2417 507 2496 misi13
548 2421 617 2498 ipse
643 2443 727 2483 vero
757 2444 863 2503 aeque
895 2429 1030 2508 copiosa
1054 2431 1091 2490 in
1124 2505 1125 2508 Ἴ

136 2525 269 2584 Phocoe
285 2522 457 2597 vitulinae
476 2520 629 2603 junioris
648 2524 836 2601 ventriculo
862 2541 901 2590 ‘et
923 2529 1090 2592 intestinis

137 2621 298 2686 tenuibus
322 2622 451 2702 (neque
474 2622 509 2684 in
540 2606 849 2703 hepateiBerolini
869 2630 975 2692 Junio
999 2654 1092 2714 repe·

135 2725 178 2800 ri,
216 2729 309 2800 alba,
336 2738 472 2805 excepta
494 2725 622 2785 macula
644 2727 756 2788 media
781 2744 970 2792 antrorsum
991 2735 1117 2814 lutere·
1189 2808 1191 2811 v

136 2845 322 2892 retrorsum
345 2827 444 2905 fusca,
461 2825 590 2920 lineam
611 2829 687 2908 plus
710 2829 821 2890 minus
845 2831 957 2914 longa.

242 2947 579 3027 Depressiusoulum3
600 2969 698 3027 porus
716 2951 850 3010 anticus
873 2947 1027 3031 exiguus,
1042 2976 1092 3016 or·

132 3039 307 3123 bicularis5
334 3056 450 3131 corpus
472 3071 491 3109 a
512 3070 597 3129 poro
621 3063 725 3112 tenue
754 3050 881 3131 incipit,
906 3074 986 3115 mox
1011 3058 1088 3120 late.

132 3150 193 3211 scit
217 3165 251 3214 et
273 3153 353 3215 dein
378 3154 435 3215 vel
450 3153 655 3231 subaequaIe
669 3153 796 3233 apicem
811 3155 981 3236 posticum
1000 3172 1090 3220 trun-

132 3267 243 3314 catum
265 3266 321 3315 aut
342 3257 560 3317 rotundatum
581 3254 720 3337 attingit,
744 3259 800 3319 vel
815 3257 960 3320 adhunc
979 3280 1090 3340 usque

131 3351 295 3419 increscit.
341 3358 446 3420 Porus
481 3360 633 3441 porticus
655 3378 812 3444 magnus,
842 3360 993 3445 margine
1021 3364 1091 3427 lato
1149 3396 1152 3401 ·

133 3458 346 3526 subelevato.

234 3577 410 3640 interdum
432 3579 467 3638 in
493 3592 587 3660 parte
617 3579 765 3663 corporis
796 3579 908 3645 media
940 3584 1093 3648 tubercu-

131 3677 204 3741 lum
224 3679 397 3762 exiguum,
422 3682 477 3743 sed
501 3681 630 3745 incerto
655 3685 747 3749 loco.
791 3687 836 3746 In
867 3698 961 3767 parte
984 3702 1095 3769 poste·

132 3779 219 3845 riore
248 3785 449 3864 corpuscula
479 3782 607 3863 aliquot
639 3788 838 3851 orbicularia
876 3788 1009 3866 (ovaria
1041 3813 1096 3854 va-

131 3885 204 3964 cua)
227 3884 304 3948 satis
327 3906 464 3971 magna3
489 3887 747 3955 ovaimmatura
772 3904 854 3956 ante
877 3893 1015 3970 eadem,
1033 3913 1099 3955 ma·
1166 3970 1168 3973 .
