2408 4478
550 280 831 365 ...ψ’-

224 470 233 477 ·
253 450 344 512 Hab.
366 450 408 510 In
423 449 605 509 abdomine
623 450 830 510 Gasternstet*
840 450 984 510 aculeati
998 446 1168 539 chphiae

295 563 330 612 et
353 546 741 629 Berolini·sneplssime','
768 554 964 630 praesertim
979 540 1098 613 'Junio
1126 574 1169 617 re·

294 651 377 734 peri.
424 652 643 713 Gasterosteis
667 652 821 712 comestis
848 650 1168 743 stiperstesdnv'eni-

234 755 238 763 “
295 769 351 815 tur
373 755 476 816 variis
510 757 544 814 in
582 756 798 826 animalibus3
830 757 866 813 in
894 752 999 818 Cotto
1020 758 1166 837 Scorpio,

296 859 438 928 Zomn
481 859 554 936 ipse
583 856 619 915 in
641 859 803 919 Salmonis
824 857 953 919 Salutis
974 857 1165 922 ventriculo

293 957 417 1035 (Majo)
440 970 472 1018 et
495 958 625 1021 Phocoe
644 956 942 1036 vitulinae'rectd,
968 956 1162 1049 ·Gryphicc,

296 1057 513 1123 offendimus.
847 1062 877 1073 ''
997 1090 1001 1097 ·
1088 1074 1091 1079 '

212 1196 270 1272 15.
319 1181 653 1277 Bothriocepltalus
679 1182 837 1255 nodosus
864 1189 908 1255 R.
942 1174 960 1273 J

250 1316 293 1377 Β.
316 1309 420 1391 capite
445 1310 634 1394 triangulari
659 1294 835 1394 depresso,¹
858 1294 1001 1403 buthriis
1022 1288 1162 1379 litterali·
1196 1302 1200 1311 ⁸

229 1472 232 1477 .
296 1417 359 1476 bus
383 1425 473 1471 costa
496 1415 625 1489 divisis,
649 1437 790 1496 corpore
811 1416 912 1496 plano
927 1415 1163 1480 obovatolan·

219 1494 223 1501 Ι
294 1500 436 1586 ceolam,
460 1515 584 1587 ovnriis
611 1518 765 1581 nodosis.

248 1620 329 1680 Ent.
351 1631 380 1674 2.
401 1635 435 1694 p.
458 1628 510 1691 54.
533 1639 566 1677 n.
589 1636 619 1694 9.
642 1621 682 1679 B.
706 1610 869 1681 nodosus.

248 1721 341 1782 Hab.
388 1717 432 1776 In
477 1717 644 1780 intestinis
693 1721 845 1803 Colymbi
886 1722 1024 1782 cristati
1061 1716 1162 1794 Junci,

291 1822 331 1886 G.
351 1823 620 1903 septentrionalis
648 1836 681 1885 et
708 1826 843 1885 Sternac
865 1806 1068 1885 fflmndints
1095 1808 1161 1886 Ᾱιι-

292 1935 402 2007 gusto,
425 1921 599 2002 Gryphiae
620 1923 739 2003 reperi.
783 1926 827 1984 In
848 1923 916 1986 illis
937 1924 1161 1988 ndens-cine·

289 2038 364 2091 reas
385 2027 693 2102 repertum.Braun
725 2026 828 2088 dedit.
882 2026 926 2086 In
960 2024 1089 2107 Mergb‘
1111 2030 1161 2091 Al·

290 2128 374 2188 hello
403 2137 435 2184 et
462 2123 669 2203 Mergansere
705 2126 839 2196 Bnocn3
867 2125 918 2190 M.
937 2114 1079 2210 ser'rato,
1108 2130 1160 2196 Co.

289 2225 409 2317 lymbis
428 2229 560 2288 Immcrc
582 2241 615 2289 et
641 2228 754 2303 Troilo,
777 2226 1028 2292 ABILDGAARD.

499 2413 525 2462 b.
564 2411 862 2466 Tetrabotlzrii.

209 2534 267 2610 16.
317 2538 649 2631 Bothriocephalus
675 2539 971 2634 macrocephalus
998 2547 1044 2611 R.
1146 2556 1149 2561 '

215 2672 229 2679 ··
246 2653 289 2717 Β.
311 2649 417 2733 eapite
439 2654 676 2732 subtetragono
701 2672 841 2733 magno,
865 2656 972 2714 amice
995 2666 1155 2729 truncato,

288 2754 429 2815 bothriis
458 2753 650 2815 lateralibus
673 2752 974 2834 subquadrangu'lis
992 2757 1156 2839 ‘utrinque

227 2886 231 2895 ·
287 2855 386 2931 binis,
430 2856 519 2915 collo
544 2853 758 2929 brevissimo,
804 2846 952 2916 articulis
966 2857 1155 2942 ¹depressis,

287 2957 403 3018 enticis
426 2955 679 3037 angustissimis,
701 2956 840 3037 reliquis
862 2952 1116 3038 campanulatls‘.

245 3059 325 3122 Ent.
346 3074 378 3122 2.
399 3079 435 3138 p.
455 3059 508 3126 61.
529 3079 565 3125 n.
590 3073 639 3125 ιι.
661 3058 770 3124 Mant.
796 3080 831 3121 n.
854 3059 906 3122 16
932 3059 973 3120 B.
994 3049 1154 3128 inacroce·

287 3158 420 3238 phestus,
969 3180 973 3187 “
998 3190 1003 3197 ·

242 3259 335 3324 Hah.
376 3261 422 3320 In
457 3259 604 3342 Colymbi
641 3263 914 3342 septentrionalis
946 3264 1151 3349 oesophago‚

284 3358 474 3423 ventriculo
509 3374 543 3425 et
576 3361 744 3426 intestinis
778 3383 907 3427 summa
923 3365 1038 3445 jcopia
1075 3369 1155 3451 Gry·

226 3518 229 3523 .
282 3461 383 3542 phiae
419 3458 575 3545 Augusto
608 3469 729 3551 reperi.
793 3467 837 3529 In
874 3464 1044 3529 intestinis
1083 3465 1154 3534 001.

282 3567 439 3631 Immeris.
464 3563 719 3655 Alcmeonem
745 3567 810 3630 Col.
830 3570 958 3659 arctici,
984 3565 1026 3634 G.
1046 3567 1093 3636 E.
1114 3568 1155 3636 V.

202 3700 261 3777 17.
309 3685 639 3780 Bothriocephnlus
666 3688 922 3779 cylindraceus
948 3695 995 3761 R.

237 3797 278 3858 B.
301 3797 408 3876 capite
428 3799 667 3884 subtetragonc
692 3802 832 3883 exiguo,
853 3798 962 3866 amice
984 3816 1153 3882 truncato,

277 3894 417 3963 bothxiis
438 3899 629 3968 lateralibus
650 3907 810 3986 utrinque
831 3907 935 3984 binis,
958 3907 1060 3972 collo-
1080 3909 1156 3971 lon·
