2408 4478
545 223 830 314 ..505-

294 390 376 457 Tria
392 389 627 453 tantummodo
643 388 831 472 specimina
843 388 1003 457 feminea
1012 395 1180 481 Gryphiae

207 486 314 561 Junio
345 494 382 556 in
413 497 635 576 Accipenseris
661 494 831 556 Sturionis
859 494 1047 560 intestinis
1071 504 1179 566 crassis

122 624 131 641 ·
207 611 343 681 reperta
365 596 488 658 dubius
500 594 723 658 Ascaridibus
740 596 865 671 addidi,
879 598 1051 663 Berolini
1075 620 1178 669 auten

208 699 333 765 eodem
354 720 474 763 mense
497 700 692 778 eodemque
725 699 803 758 loco
838 700 919 761 satis
950 705 1072 766 multa
1095 707 1178 771 feni·

157 870 161 883 ,
207 824 282 878 nea,
302 821 410 884 pauca
430 803 577 864 mascula
599 797 719 881 reperi,
744 821 831 879 quae
851 800 922 863 huc
942 806 1127 885 pertinere
1140 813 1177 875 di·

206 904 291 981 dici,
318 919 450 986 septem
479 904 520 966 ad
544 902 740 984 quindecim
761 901 870 964 lineas
892 905 1026 988 longa,
1057 916 1176 992 tenuis,

208 1020 310 1091 caput
330 1005 409 1068 licet
426 1005 532 1067 rarius
557 1004 626 1067 bile
648 1003 758 1076 tincta,
781 1019 937 1068 ceterum
963 1013 1131 1082 candida.

318 1141 431 1224 Caput
451 1139 645 1213 discretum,
687 1159 834 1220 superne
855 1136 1026 1222 gibbum,
1064 1142 1173 1216 bilabi.

206 1257 309 1324 atum,
329 1264 388 1306 ore
411 1257 619 1317 transverso,
641 1244 732 1304 labio
755 1242 932 1323 superiore
959 1268 1114 1333 magno,
1133 1268 1172 1317 tu.

205 1350 313 1423 mido,
335 1344 452 1418 bifido,
476 1344 638 1408 inferiore
659 1346 791 1427 pariter,
811 1346 869 1407 sed
892 1346 1017 1412 minus
1040 1357 1172 1435 prolun.

206 1451 251 1514 de
272 1451 362 1511 lisso.
408 1445 528 1528 Corpus
550 1447 711 1529 utrinque
736 1468 856 1530 parum
878 1461 1171 1537 attenuatum,in

205 1550 334 1615 femina
353 1569 443 1631 pone
465 1549 620 1610 medium
644 1552 701 1614 vel
726 1552 767 1612 ad
789 1549 870 1609 duas
894 1551 1008 1617 totius
1032 1559 1169 1645 longitu-

206 1652 296 1719 dinis
324 1649 435 1714 terlias
471 1666 581 1731 partes
620 1653 726 1713 vulva
763 1665 919 1716 exstante
960 1654 1168 1726 distinctum.

211 1754 329 1821 Gauda
351 1754 450 1815 maris
477 1751 618 1814 incurva
643 1756 700 1817 vel
723 1753 862 1827 inflexa,
893 1760 1016 1823 semel
1045 1765 1165 1847 spiselis

202 1858 286 1932 visa,
300 1854 430 1931 hialam,
450 1855 510 1918 alis
522 1855 641 1918 striatis
653 1853 901 1929 'mediocribus3
924 1859 1030 1941 a'pice
1046 1868 1164 1931 caudae

203 1961 300 2024 tenui
323 1973 439 2035 acuto,
473 1973 550 2022 ante
580 1970 681 2038 'quem
716 1946 844 2039 spicula
864 1958 935 2021 duo
977 1965 1164 2032 stiliformia

202 2053 392 2143 emergunt.
441 2059 558 2122 Gauda
587 2055 736 2146 feminae
756 2058 974 2145 rectiuscula,
999 2060 1161 2153 depressa,

111 2158 114 2165 ’
203 2177 310 2231 acuta,
338 2161 546 2224 Intestinum
569 2176 684 2225 tenue.
720 2163 878 2225 Ovarium
899 2172 1033 2248 pariter
1056 2187 1157 2249 tenue,

204 2264 281 2328 ovis
304 2262 462 2343 oblongis
483 2263 640 2339 farctum,
675 2260 712 2327 vi
747 2264 891 2330 monice
925 2270 1014 2341 lorti
1048 2273 1157 2339 insitu.

203 2378 304 2441 ctum,
326 2365 454 2446 illaque
475 2369 642 2431 velociter
662 2369 870 2450 propellens.

315 2500 395 2564 Obsi
420 2512 448 2568 i.
488 2507 597 2587 Caput
632 2513 702 2584 quo
739 2509 883 2567 enlozoa
911 2504 979 2571 ista
1003 2508 1153 2579 intestino

200 2597 334 2665 fortiter
355 2602 536 2687 alfiguntur
560 2607 684 2668 tamin
709 2607 798 2668 vivis
824 2628 925 2686 quam
959 2613 999 2672 in
1023 2590 1153 2680 mortuis

201 2701 395 2766 examinatu
416 2704 654 2768 difficillimum
678 2717 744 2781 est,
774 2722 811 2769 ut
837 2709 990 2774 lentibus
1012 2716 1154 2801 simplici·

202 2804 266 2866 bus
288 2805 418 2866 duabus
432 2809 491 2868 vel
516 2812 619 2870 tribus
635 2809 823 2889 conjunctis
837 2810 1066 2891 potissimum
1083 2838 1151 2883 usus

200 2904 274 2970 sim.
316 2904 432 2969 Valde
461 2928 609 2972 crassum
640 2913 732 2974 enirn
761 2925 825 2984 est,
855 2930 1033 2996 saepeque
1063 2938 1152 2985 costr.

198 3021 271 3071 turn
300 3011 359 3073 vel
382 3009 604 3073 multialatum
629 3013 705 3092 (alis
734 3014 868 3092 strictis)
890 3019 1053 3097 videtur,
1087 3021 1151 3087 insi.

177 3113 342 3195 ¹mulque
369 3111 502 3173 initium
535 3118 657 3176 canalis
692 3116 807 3178 cibarii
836 3117 940 3181 valde
968 3125 1150 3206 ampliatur.

196 3212 355 3275 Tandem
376 3234 493 3276 veram
517 3215 672 3282 indolem
697 3218 860 3302 cognovi,
887 3231 923 3282 et
942 3222 1150 3305 Bnnusumn,

197 3298 254 3379 cui
276 3315 459 3398 specimina
480 3318 570 3395 misi,
594 3321 819 3402 Ophiostoma
840 3340 913 3384 esse
938 3324 1123 3398 concessit.

302 3451 385 3520 Obs.
409 3469 441 3517 2.
468 3453 771 3538 Pleurorhynchus
802 3460 864 3521 cel.
891 3458 977 3523 Nnu
1011 3465 1150 3546 (Schrist.

193 3546 228 3613 d.
250 3551 379 3616 Berlin.
412 3557 546 3618 Naturl.
571 3558 759 3626 Gesellsch.
793 3561 968 3627 Freunde.
1013 3568 1055 3631 B.
1076 3586 1103 3649 7.
1123 3568 1149 3630 S.

191 3663 266 3729 471.
289 3653 367 3718 Ent.
391 3658 441 3720 11.
463 3674 495 3723 2.
519 3681 552 3741 p.
569 3677 642 3740 273.
666 3682 701 3725 n.
722 3679 775 3725 22.
792 3663 937 3746 Synops.
959 3665 1148 3731 Euromdu·

191 3751 240 3813 bii
261 3772 336 3834 gen.
358 3763 474 3839 n.45.)
499 3761 606 3843 capite
626 3766 774 3826 rotundo
799 3780 832 3827 et
855 3768 970 3829 ovulis
996 3765 1146 3851 oblongis

189 3854 372 3943 convenit,
404 3874 440 3927 et
466 3866 604 3931 tubulus
635 3865 704 3935 oris
734 3866 883 3936 lateralis
904 3874 1052 3937 nonnisi
1077 3884 1144 3959 pan
