2408 4478
376 235 443 265 ···
493 216 570 303 459
620 239 675 271 ····

47 375 157 440 modo
180 372 348 459 simplices
369 374 531 448 oflerunt;
552 371 722 438 rarissime
737 371 850 440 omnia
872 368 1031 441 evoluta

51 495 144 542 sunt.
190 479 318 543 Confer
340 478 599 546 observationes
620 477 657 541 in
679 477 865 559 specimina
886 474 1014 560 speciei

52 579 175 645 tertiae
200 581 237 643 in
269 581 445 642 Pelecanis
468 593 611 661 reperta.

166 701 300 788 Quibus
330 714 518 761 commotus
548 696 687 781 Ligulas
723 696 867 782 piscinas
902 696 1014 789 primo
1087 779 1090 784 ι

53 813 187 864 tantum
211 803 299 864 vitae
323 800 429 862 stadio
461 797 643 875 contineri,
677 802 717 862 ab
746 800 864 863 avibus
901 816 1016 866 autem

54 905 236 986 deglutiras
266 907 407 966 alterum
437 902 567 978 subire,
598 916 632 965 et
660 901 809 978 legitima
842 919 1017 971 metamor.

55 1006 160 1088 phosi
184 1007 299 1070 ovaria
321 1019 353 1068 et
386 1005 565 1068 lemniscos
595 1002 722 1067 sensim
752 1005 920 1086 explicare
950 1033 1017 1076 cre.

55 1109 215 1172 diderim.
270 1111 471 1172 Baaarsanus
501 1129 557 1171 me
599 1106 683 1198 llaec
718 1103 803 1167 circa
837 1107 1017 1177 haereseos
1070 1102 1074 1108 ⁵

57 1225 165 1285 taxat,
203 1232 275 1272 raon
299 1229 437 1292 possum
461 1224 589 1283 tamen,
617 1206 700 1289 quin
728 1197 1018 1290 hypothesinme.

59 1332 119 1374 am
143 1312 327 1393 proferam,
362 1310 446 1372 mihi
467 1313 585 1373 saltem
607 1311 820 1391 probabilem
849 1317 959 1381 visam
983 1335 1018 1385 et

56 1413 254 1475 discrimina
275 1414 470 1498 Ligularum
492 1414 567 1473 satis
589 1412 826 1492 explicantem·¹

167 1527 312 1596 Amicus
340 1529 467 1592 scilicet
502 1528 618 1592 ovaria
653 1533 848 1617 Ligularum
885 1558 1018 1622 semper
1074 1548 1076 1555 ’

60 1636 177 1698 adesse
208 1633 326 1706 credit,
355 1632 559 1714 piscinarum
592 1632 650 1695 illa
676 1649 788 1700 autem
821 1639 866 1723 ob
897 1643 1020 1724 corpus

60 1757 211 1800 crassum
235 1751 266 1797 et
295 1736 416 1795 durum
443 1734 535 1796 haud
564 1731 600 1794 in
630 1752 849 1817 conspectum
880 1726 1020 1821 venire;

60 1844 100 1903 in
126 1842 245 1902 avibus
266 1857 351 1899 vero
375 1836 514 1917 Ligulas
537 1838 699 1899 attenuari
724 1853 756 1902 et
786 1843 896 1905 calore
916 1868 1023 1912 mace·

61 1941 140 2017 rari,
165 1962 231 2022 qno
253 1940 367 2000 ovaria
389 1939 558 2019 patefiant.
602 1940 683 2020 Ipse
706 1962 789 2001 vero
813 1942 952 2024 Ligulas
975 1948 1023 2029 pi.

61 2044 172 2106 scirias
196 2061 296 2122 saepe
319 2059 448 2101 summa
464 2039 634 2136 diligentia
652 2043 840 2104 examinavi
862 2058 896 2108 et
917 2053 1021 2131 secui,

61 2145 138 2228 ipse
162 2146 296 2207 easdem
318 2143 439 2223 passim
462 2161 679 2222 summopere
701 2160 894 2209 extenuatas
918 2152 1022 2214 offen·

19 2286 23 2293 ·
62 2247 102 2310 di
124 2259 180 2309 aut
202 2245 343 2320 reddidi,
364 2264 479 2325 neque
501 2258 614 2306 tamen
628 2245 824 2311 ovariorum
845 2243 954 2317 ullum
969 2277 1023 2320 ex.

47 2349 210 2412 'hibitum
231 2363 280 2412 est
301 2346 495 2429 vestigium.
525 2406 529 2415 ,

173 2467 317 2550 Ligulae
342 2468 378 2529 in
399 2462 545 2550 piscibus
569 2476 603 2529 et
623 2464 836 2551 animalibus,
860 2495 947 2554 quae
968 2450 1020 2541 liis

64 2586 264 2646 vescuntur,
278 2584 410 2633 tantum
434 2579 626 2640 occurrun13
655 2567 690 2628 in
712 2571 856 2652 piscibus
877 2579 1034 2644 abdomi,

64 2675 173 2747 nales,
197 2671 363 2754 inphoca
385 2687 417 2736 et
438 2671 558 2734 avibus
580 2668 658 2735 sun't
677 2670 906 2761 intestinales,
927 2685 1023 2762 quod

64 2775 273 2859 hypothesin
296 2797 404 2838 meam
428 2786 537 2857 auget.

154 2896 293 2961 Adsunt
315 2895 454 2976 quidem
476 2914 611 2960 vermes
625 2891 697 2957 aliis
720 2892 804 2956 locis
828 2895 933 2975 obvii,
949 2901 1023 2964 sim·

68 2997 216 3082 plicitate
238 2997 369 3081 Ligulis
392 2999 519 3076 affines,
550 2997 608 3081 qui
632 2997 786 3061 nondum
810 3011 920 3062 tamen
947 3004 1023 3067 satis

67 3101 263 3177 examinati,
296 3100 444 3181 ideoque
474 3103 563 3164 inter
591 3099 726 3182 generis
751 3100 846 3163 dubii
866 3104 1023 3171 Entozoa

66 3205 121 3284 (n.
144 3214 174 3276 8.
194 3224 226 3282 9.
250 3221 298 3281 19.
322 3217 355 3266 et
376 3204 444 3282 20.)
466 3200 573 3266 relicti
594 3203 741 3266 fuerunt.

173 3321 317 3404 Ligulae
343 3323 379 3382 in
407 3309 561 3404 pisciculi
590 3321 740 3405 cyprino
769 3323 880 3387 Barbo
911 3327 1021 3392 affinis

65 3423 250 3488 abdomine
283 3422 406 3486 obviae
428 3422 523 3487 Italis
544 3425 685 3489 nomine
714 3422 889 3492 Mararoni
913 3433 1025 3515 piasti

64 3527 187 3593 edules
210 3540 243 3590 et
266 3524 303 3586 in
324 3523 451 3588 deliciis
472 3540 561 3589 sunt.

123 3704 153 3753 t.
178 3686 315 3781 Ligula
340 3685 547 3757 uniserialis
573 3689 617 3755 R.

174 3830 366 3917 specimina
387 3809 448 3897 tria
475 3834 513 3898 in
540 3832 686 3902 Falcone
712 3831 869 3900 Albicilla
894 3841 1023 3922 reperta
