2452 4478
471 292 523 314 ι-
574 273 648 350 525
687 274 749 320 '‘u-‘i-

136 413 368 502 conieniunt‘,
399 439 433 489 et
453 415 595 507 utraque
620 434 695 508 pars
719 424 846 517 duplici
866 426 983 494 tunica
1004 424 1090 495 dum

136 546 288 605 constat,
319 548 393 612 pars
416 529 520 591 libera
542 514 686 610 quatuor
710 529 846 614 paginas
873 532 989 609 habet,
1023 555 1091 614 qua

137 635 332 696 coalescunt
355 617 468 692 autem
492 636 624 695 tunicae
651 628 806 697 internae
833 648 974 702 cessant.
1024 636 1090 697 Fo-

136 735 266 796 ramina
289 735 486 850 marginalia
514 732 851 817 maximampar‘ter'u
879 736 1089 800 unilateralia

137 851 218 898 sunt
244 849 277 899 et
310 836 347 898 in
369 837 522 920 margine
555 837 697 920 simplici
728 851 862 899 tantum
897 826 1090 906 occurrunt

137 940 240 1002 Haec
264 941 348 1001 circa
368 953 477 1002 tamen
492 944 669 1004 variettaes
682 940 834 1003 obtinent
850 955 1045 1023 sequentes:
1063 960 1091 1006 1

137 1062 256 1123 margo
278 1033 420 1123 simplex
438 1026 610 1106 forainine
636 1064 708 1105 nou
734 1043 838 1104 utitur
866 1044 926 1104 sed
953 1045 1035 1106 alter
1056 1045 1092 1107 li·

111 1144 319 1212 >berorum
347 1156 403 1204 aut
438 1159 469 1210 2
489 1164 607 1226 margo
640 1144 784 1226 simplex
807 1155 838 1205 et
865 1145 947 1207 alter
970 1146 1093 1210 libero·

137 1229 251 1327 rums·
270 1257 326 1307 aut
352 1260 382 1321 3.
411 1265 526 1326 margo
556 1245 699 1327 simplex
735 1260 768 1310 et
790 1260 939 1326 uterque
972 1250 1093 1312 libero·

139 1366 221 1408 rum
242 1345 407 1411 foramine
428 1347 543 1410 utitur.
587 1348 670 1408 Duo
695 1347 930 1410 eti'am'adsunt
952 1349 1092 1427 articuli,

140 1467 292 1536 quorum
313 1470 431 1530 margo
455 1449 599 1530 simplex
625 1438 794 1513 foramine
822 1449 970 1533 duplici,
995 1470 1093 1534 supe-

131 1547 236 1613 ·riore
258 1564 292 1613 et
311 1550 474 1615 inferiore
493 1549 677 1612 instruitur.
730 1551 843 1633 Hujus
877 1555 1024 1616 Taeniae
1046 1575 1094 1616 ca·

140 1664 207 1732 put
229 1651 346 1716 deesse
367 1657 515 1718 maxime
536 1653 734 1717 dolendum
747 1661 811 1727 est,
834 1654 946 1716 forsan
970 1656 1094 1718 eodem

139 1752 250 1814 modo
269 1753 472 1835 duplicatum
495 1769 555 1828 est,
575 1774 612 1816 ac
634 1756 673 1817 T
693 1754 873 1817 crassicolli
899 1778 933 1824 n
958 1772 1008 1838 75.
1036 1757 1096 1821 ibi-

141 1855 227 1918 dem
247 1872 397 1920 servatae
420 1860 633 1919 observatur

237 1958 413 2044 Quod
403 1981 440 2021 m
484 1955 737 2040 Entozoologia
776 1970 892 2019 contra
926 1958 1095 2025 Taeniarit

145 2061 385 2123 commendavi
407 2061 534 2124 Oleum
559 2060 723 2129 Chaberti‚
747 2079 765 2120 a
788 2059 971 2123 Bxausaxo
994 2063 1095 2126 etiam

143 2183 279 2229 summo
319 2182 384 2224 usu
417 2163 610 2237 adhibetur,
644 2176 678 2225 et
707 2161 743 2222 in
777 2182 881 2243 opere
907 2160 1094 2245 novissimo

141 2269 283 2348 egregit>
312 2264 358 2326 ¹de
389 2267 552 2327 Erztozois
574 2268 667 2327 vicis
692 2269 728 2327 in
756 2264 883 2326 homine
909 2269 989 2329 vivo
1011 2288 1098 2330 com·

143 2368 340 2440 mendatur3
361 2368 449 2427 idem
473 2365 571 2428 etiam
593 2387 612 2427 a
632 2364 848 2428 Medicorum
869 2360 1095 2432 Berolinensl·

141 2492 209 2534 um
227 2467 403 2552 Principe,
437 2467 498 2530 cel.
521 2468 622 2529 Haut
654 2464 691 2529 in
713 2486 813 2528 usum
841 2484 1002 2546 ‚uocatun
1036 2464 1097 2552 qbi

145 2570 331 2652 specimina
352 2571 458 2651 capite
480 2566 650 2631 instructa
666 2588 808 2632 mecum
834 2570 1097 2637 communicavit
1165 2623 1168 2641 .

146 2671 242 2738 illius
265 2692 329 2754 ope
350 2672 500 2752 depulsa.
650 2670 656 2679 ’

204 2797 263 2873 70.
286 2781 420 2850 Taenia
445 2778 647 2872 marginata
672 2780 832 2851 Barserr.

257 2891 342 2959 Am,
372 2892 473 2953 Orro
504 2886 689 2975 specimina
723 2891 897 2971 complura
923 2889 1029 2967 misit,
1065 2906 1100 2958 et
1189 2909 1192 2912 ’

148 2993 226 3078 ipse
248 3005 347 3074 quam
368 2992 513 3076 plurima
535 2991 570 3052 in
583 2992 730 3052 duorum
747 2991 913 3073 Luporum
933 2993 1099 3059 intestinis

149 3094 312 3161 tenuibus
334 3095 488 3159 Berolini
508 3092 669 3155 ianuario
689 3110 806 3154 mense
832 3093 957 3176 reperi,
976 3097 1100 3178 pedem

150 3201 287 3262 duosve
310 3197 412 3281 pedes
433 3193 647 3277 longitudine
670 3193 876 3275 superantia,
907 3215 1039 3262 summa
1059 3201 1102 3266 la.

151 3301 300 3366 titudine
322 3302 394 3365 iere
416 3313 480 3362 tres
503 3297 608 3360 lineas
631 3309 808 3376 aequante.

264 3403 377 3487 Caput
405 3400 671 3490 subrotundum,
706 3398 904 3474 discretum,
939 3397 1101 3484 magnitu-

152 3507 240 3570 dine·
264 3518 360 3567 aucta
390 3527 408 3564 a
436 3498 566 3566 Comite
598 3521 643 3562 ux
670 3499 791 3561 Boura
820 3501 910 3581 apud
943 3503 1104 3568 Goezruu

151 3592 254 3686 <ran
276 3607 393 3668 xxrr.
415 3599 460 3672 Α.
486 3605 560 3688 urg,
589 3601 698 3680 1—5.)
726 3601 863 3688 optime
883 3604 1104 3670 delineatum.

156 3709 288 3774 Collum
313 3707 364 3769 illi
386 3708 549 3770 affinium
565 3702 793 3786 simillimum,
815 3698 929 3791 neque
956 3692 1104 3786 brevius,

153 3812 255 3894 quale
279 3808 444 3892 infigura
469 3811 601 3874 laudata
623 3805 782 3885 occurrit,
816 3805 883 3872 nisi
913 3808 997 3875 haec
1021 3812 1105 3872 circa

151 3914 299 3980 varietas
322 3910 460 3976 obtinet.
