2408 4478
369 242 440 379 ...⁸
489 250 563 335 579
616 275 667 292 ..-

236 553 238 557 ·
304 512 549 606 Caput
612 488 742 588 111(

179 670 246 738 De
276 677 459 758 Or'ganis
490 679 849 760 reproductiom's.

12 844 27 885 ²
157 845 187 924 b.
223 863 253 912 1.
295 847 606 928 Reproductionem
646 849 800 913 entozois
833 849 990 918 omnibus

12 938 242 1028 *simplicem
271 949 394 1010 horum
416 964 526 1012 tamen
550 949 691 1011 diversis
721 951 912 1031 ordinibus,
942 957 989 1022 di-

12 1050 137 1114 'verso
161 1054 264 1133 gradu
288 1055 387 1114 talem
410 1051 496 1123 dari,
525 1062 596 1110 non
627 1065 676 1112 est
703 1053 795 1130 quod
817 1075 988 1123 moneam.

12 1150 147 1213 Pauca
170 1174 307 1233 quoque
331 1153 514 1234 generatim
538 1163 633 1225 sunt,
664 1173 750 1231 quae
778 1154 857 1217 huic
886 1160 986 1241 capiti

12 1249 190 1315 hddenda
210 1255 336 1330 habeo,
364 1254 490 1314 horum
518 1266 628 1313 autem
658 1257 827 1318 nonnulla
848 1258 984 1325 lectoris

11 1356 221 1418 httentione
245 1355 346 1439 digna
368 1354 440 1415 fore
463 1371 571 1434 spero.

143 1465 171 1550 ς.
192 1488 223 1534 a.
268 1465 555 1535 Nemoroideomm
578 1473 677 1534 tubus
702 1470 843 1539 cibarius
866 1473 910 1540 ob
923 1500 984 1546 ore

11 1566 67 1637 'id
86 1593 193 1635 anum
205 1588 312 1652 usque
326 1572 392 1635 cuti
408 1571 603 1646 adnectitur,
618 1574 711 1651 quod
724 1576 877 1656 plurimis
901 1581 985 1645 locis

11 1674 99 1739 filis
127 1673 365 1756 copiosissimis
401 1690 434 1738 et
457 1674 643 1736 tenerrimis
669 1670 724 1754 'fit‚
756 1680 797 1738 ab
825 1682 985 1746 intestino

12 1790 145 1841 tutem
165 1776 375 1856 petentibus3
399 1775 557 1839 anteriori
580 1788 692 1838 tamen
706 1779 798 1840 illins
821 1796 924 1860 parte,
946 1782 985 1845 in

11 1876 209 1959 Berongylo
250 1879 408 1956 Giganta,
444 1878 521 1938 loco
552 1877 707 1953 filorum,
742 1900 870 1944 nexum
899 1902 984 1944 vero

10 1984 220 2047 msenterio
251 1977 383 2039 absolvi
422 1977 538 2042 video.
588 1980 669 2058 Ipse
701 1981 756 2042 fila
784 1982 843 2043 illa
863 1982 985 2063 partim

10 2102 90 2147 uro
115 2080 203 2142 vasis
223 2079 335 2152 habui,
357 2077 578 2141 nutritionem
600 2081 848 2162 peragentibus,
872 2087 984 2152 absot.

12 2183 191 2251 uentibus
214 2193 246 2243 et
267 2181 518 2243 secernentibus
541 2180 795 2263 (nutrientibus)
809 2188 902 2266 quod
916 2189 984 2251 En-

10 2284 247 2365 ²ozoologiae
284 2285 326 2343 T.
349 2299 375 2343 r.
397 2302 429 2361 p.
455 2296 526 2357 251.
560 2281 656 2342 claris
687 2285 799 2347 verbis
831 2290 985 2371 exposui.

10 2390 95 2455 Pro
121 2385 255 2469 organis
277 2382 498 2465 respiratoriis
520 2399 603 2446 vero
626 2401 699 2446 non
720 2386 834 2470 habui,
870 2411 985 2474 neque

10 2492 122 2557 ⁵nunc
145 2490 267 2553 habeo

137 2604 241 2671 Orro
279 2616 390 2667 autem
419 2597 444 2668 l.
474 2624 500 2664 c.
535 2620 568 2685 p.
597 2610 670 2678 224.
699 2614 732 2666 et
767 2601 984 2690 Srnuttrnntr,

10 2694 223 2794 ›raeparata
253 2726 312 2768 sua
348 2703 407 2785 qui
442 2703 556 2766 Ticini
586 2696 741 2769 mihimet
773 2711 984 2794 monstravit,

9 2808 97 2881 tiri
120 2815 183 2876 cel.
207 2810 264 2870 iila
285 2809 343 2869 illa
369 2826 446 2868 oum
465 2793 669 2869 insectorum
691 2807 829 2869 tracheis
853 2831 985 2925 compa

12 2900 152 2988 fando,
168 2905 381 2992 respirationi
404 2906 554 2969 eadem
544 2906 710 2971 rnservire
732 2911 880 2989 persuasi
896 2916 998 2992 sunt,'

9 3011 150 3115 'neque
173 3016 309 3075 filorum
330 3010 431 3071 nudis
454 3008 562 3071 oculis
592 3021 814 3092 spectatorum
834 3010 988 3076 habitum

9 3118 109 3189 'llis
121 3114 197 3178 satis
220 3116 482 3178 convenientem
506 3130 595 3188 esse,
619 3109 736 3193 negari
758 3125 880 3193 potest.
921 3116 986 3180 Ea·

11 3202 110 3291 iem
134 3232 245 3280 tamen
263 3216 401 3277 cultello
424 3211 722 3294 velmicroscopio
743 3210 890 3292 subjecta
910 3215 989 3280 alie·

14 3346 110 3413 nam
132 3321 253 3384 faciem
286 3316 448 3379 exhibent
470 3328 504 3378 et
527 3315 656 3396 optime
689 3333 767 3376 curn
788 3316 854 3377 tela
873 3329 989 3381 nostra

8 3424 178 3499 „eliulos
182 3445 201 3484 a
224 3400 474 3500 comparantur3
504 3416 656 3478 distincte
689 3416 790 3476 etiam
824 3416 992 3482 anteriora

8 3523 187 3601 beistis
179 3545 214 3585 m
237 3516 478 3584 mesenterium
496 3518 630 3595 abeunt,
653 3516 746 3595 quod
759 3516 999 3607 Holothunrsp

8 3626 222 3741 §ipunculo
253 3637 286 3687 et
314 3620 468 3683 affinibus
502 3638 574 3679 non
607 3616 717 3690 deest,
752 3614 857 3679 simili
889 3622 990 3686 etiam

8 3706 141 3803 *niodo
165 3746 203 3789 ac
231 3723 430 3805 Strongylus
459 3719 519 3783 vel
551 3717 615 3782 alia
641 3717 882 3797 Nematoidea‚
918 3737 994 3788 outa

16 3828 207 3929 &nuptm
240 3823 352 3892 subito
379 3820 534 3887 intestina
555 3818 821 3984 εῖῖυηῗηῑῖδυε,
861 3823 1000 3904 quibus.
1088 3817 1090 3821 ,

701 3941 721 3984 0
744 3937 765 3986 2
