2452 4478
448 347 499 366 ...
550 271 728 404 627'..

152 472 287 562 triginta
305 489 340 540 et
368 476 461 558 quod
484 468 647 552 excurrit,
669 487 775 558 'parva
791 477 926 540 taudem
947 475 984 541 in
1008 481 1066 545 du-

151 592 214 641 ctu·
242 578 452 661 pancreatico
488 593 639 660 repertae
673 594 763 645 sunt.
811 581 870 644 De
900 585 1065 646 contentis

154 695 311 762 statuque
334 678 570 744 intestinorum
591 675 678 743 nihil
699 681 856 762 refertur,
884 684 946 745 sed
968 705 1067 768 aegra

150 782 291 866 longius
316 782 492 845 diarrhoea
513 775 681 864 laboravit
701 795 837 862 aquosa,
860 778 1064 865 faeculenta,

150 899 186 949 et
207 896 305 947 causa
338 892 425 948 'certe
456 875 693 971 'peculiarispin
715 877 879 946 intestino
908 888 980 968 ipso
1009 904 1067 954 aut

152 986 229 1069 ejus
253 980 418 1048 contentis
441 987 634 1066 quaerenda
655 1001 721 1063 est,
753 1000 819 1067 qua
841 994 975 1052 vermes
999 1008 1067 1054 om.

150 1099 216 1150 nes
238 1096 370 1148 sursum
392 1103 426 1151 et
441 1086 478 1150 in
490 1086 565 1150 lona
578 1086 689 1174 ¹aliena
702 1082 793 1168 pulsi
808 1097 898 1153 sunt.
915 1085 960 1154 In
975 1094 1068 1157 cada·

149 1210 236 1254 vere
262 1188 405 1251 feminae
434 1182 606 1271 periodice
631 1186 801 1252 maniacae
829 1182 923 1255 idern
950 1210 1067 1261 auctor

149 1285 361 1355 Ascuridem¹
378 1293 414 1350 in
439 1293 542 1355 ductu
563 1288 776 1356 'choledocho
800 1286 952 1382 offendi.
988 1297 1065 1380 Ego

149 1391 221 1455 hou
255 1382 431 1472 nunquam
452 1390 543 1471 vidi,
573 1388 740 1476 quaedam
768 1406 881 1458 autem
909 1385 1067 1480 exempla
1164 1464 1166 1468 ,

153 1484 338 1582 vermium⁴
357 1490 394 1556 in
424 1483 554 1578 liepate‘
577 1510 612 1562 et
643 1507 821 1579 pancreate
852 1507 1084 1577 repertorum.

146 1593 278 1662 Entoz.
303 1611 330 1658 r.
352 1609 386 1677 p.
411 1607 471 1675 138
495 1613 529 1663 et
554 1609 625 1679 139.
648 1583 900 1677 dedi,'qu0rum
922 1599 1066 1662 alterum

148 1696 278 1782 'pariter
299 1698 342 1758 ad
360 1699 559 1775 Maniacum
580 1696 668 1766 facit.
712 1698 858 1762 Facilius
885 1710 1001 1764 tamen
1028 1696 1067 1764 in

138 1798 330 1874 Maenianis,
357 1802 561 1883 plerumque
588 1804 693 1866 modo
716 1797 863 1864 maxime
889 1797 1067 1886 irregulari

152 1900 357 1966 viventibus
387 1916 422 1965 et
448 1925 530 1966 mox
563 1903 680 1968 omnia
701 1898 950 1985 ingerentibus,
982 1918 1065 1967 mox

150 2005 215 2067 diu
245 2001 472 2066 esurientibus
502 2019 633 2068 vermes
662 2004 700 2067 iu
722 2003 955 2092 locainsolita
975 2007 1064 2084 ferri,

150 2119 256 2189 quam
277 2098 422 2168 maniam
445 2098 552 2186 ipsam
580 2110 620 2168 ab
646 2103 717 2168 illis
746 2101 947 2184 derivarem,
973 2123 1065 2191 prae·-
1127 2141 1130 2149 ·
1177 2108 1181 2118 ¹

149 2207 269 2274 sertim
291 2202 321 2270 si
342 2200 426 2270 haec
442 2202 585 2290 longius
599 2204 768 2290 perdurat,
780 2221 858 2268 narn
879 2209 949 2272 vita
963 2209 1066 2276 Asca-

146 2311 265 2375 ridum
285 2306 389 2393 longa
410 2319 564 2388 nonest,
603 2322 636 2370 et
658 2307 715 2369 'tali
737 2309 815 2368 loco
836 2303 945 2372 adhue
967 2312 1064 2376 citius
1176 2376 1178 2381 ,

134 2408 303 2499 perirent,
326 2435 394 2493 quo
418 2414 548 2475 malum
567 2405 760 2484 tolleretur,
783 2423 934 2475 mortuae
957 2422 990 2476 et
1000 2410 1065 2477 col·
1115 2460 1118 2465 »
1156 2480 1158 2486 ,

138 2518 259 2596 lapsae
289 2515 382 2577 enim
415 2529 458 2577 ex·
485 2507 641 2576 ductibus
677 2526 760 2574 mox
788 2510 992 2594 putrefactae
1020 2510 1066 2577 ef·
1106 2548 1127 2594 χ

146 2616 311 2682 fluerent.
912 2635 916 2643 ·

102 2726 192 2809 588.¹
207 2733 238 2803 g.
262 2720 361 2781 Cases
381 2709 533 2800 shewing
544 2705 624 2785 rire.
636 2705 855 2779 coincidence·
872 2707 912 2777 'ol
922 2706 1064 2778 Worms

147 2822 187 2887 in
212 2820 269 2884 the
282 2816 468 2883 Intestines
480 2813 562 2881 with
574 2813 816 2902 Haemoptysis
830 2817 897 2880 and
920 2819 1064 2880 remarks

145 2942 193 2990 'an
217 2922 272 2986 the
294 2918 497 3004 'probability
518 2920 558 2983 ol
574 2920 631 2984 the
653 2934 718 2983 two
735 2917 909 2984 'affectione
933 2916 1065 3002 having

118 3004 122 3013 Ι
150 3051 171 3090 a
195 3021 392 3087 connexion
413 3021 494 3082 with
517 3019 598 3085 each
620 3022 728 3089 other.
771 3024 824 3104 By
845 3019 960 3083 Narrr.
974 3015 1065 3082 Russ-

150 3142 223 3192 snr.
266 3129 311 3188 In
333 3122 688 3208 Medico-Chirurgieal
709 3116 947 3187 Transactions
968 3124 1065 3204 publ.

148 3227 200 3312 by
219 3226 278 3292 ¹the
299 3222 397 3292 Med.
422 3223 489 3287 and
512 3226 666 3312 Chirurg,
688 3223 823 3310 Societ'y
846 3219 885 3288 oi
902 3218 1066 3292 Londort·

146 3327 241 3396 Vol.
262 3331 327 3393 IX.
349 3326 389 3392 P.
404 3325 560 3396 2.Lond.
586 3335 677 3402 1818.
698 3347 732 3414 p.
753 3322 953 3408 389-»404l
973 3325 1067 3390 Note

106 3504 109 3509 ,
151 3430 350 3514 subjoined.
372 3428 416 3493 ib.
438 3446 471 3512 p.
492 3424 705 3513 485--487,ᾗ
740 3427 875 3494 Au‘ctor
896 3420 1065 3490 'vermibus

149 3532 261 3598 nimia
290 3535 376 3595 mala
402 3529 571 3605 tribuens,
612 3528 714 3596 etiam
736 3524 940 3614 epidemica,
971 3544 1065 3592 casus

110 3646 113 3653 '
147 3634 283 3718 aliquot
304 3634 406 3698 refert
426 3630 663 3716 haemoptysin
683 3632 723 3698 ab
744 3624 817 3698 illis'
836 3642 985 3700 exortam
1004 3628 1066 3698 vix

111 3744 114 3748 '
151 3740 359 3822 probantes·'

717 3805 927 3901 lira'
