2452 4478
397 265 449 289 ““
500 249 573 331 597
625 265 676 289 '¹‘
749 335 751 339 ,

49 387 172 455 avium
194 397 305 460 calore
332 408 462 463 tanturn
494 396 672 464 extenuari
701 411 736 467 et
762 395 846 467 haec
871 397 910 465 in
928 382 1005 465 cotis

40 510 207 575 ⁸spectum
234 499 354 562 venire
384 501 586 574 contendas3
625 505 687 567 sed
714 523 798 569 vera
818 523 872 565 me
890 502 1008 582 judice

49 597 89 658 fit
110 600 261 674 mutatio,
284 602 435 664 secundo
457 601 601 686 Ligulae
628 605 737 669 stadio.
764 608 854 668 vitae
883 604 1005 679 debita,

49 719 209 778 quaeque
239 701 366 781 primo,
401 703 484 767 dum
514 702 646 786 piscina
674 719 740 780 est,
772 705 848 769 fieri
874 704 1005 785 nequit·

42 798 134 870 Non
165 799 257 863 enirn
285 803 420 868 diversa
457 823 532 870 esse
561 806 717 877 animalia
755 827 797 868 eo
830 808 1002 888 probatur,

46 899 292 985 quodLigulae
304 904 464 988 integrae,
477 909 536 970 vel
551 910 690 975 eaedem
708 929 774 988 q-ua
786 922 1002 988 partemcum

44 1003 188 1084 piscinis
212 1027 253 1068 ex
275 1026 345 1070 asse
363 1005 616 1083 convenientes
633 1009 719 1071 novi
739 1028 819 1089 ergo
838 1009 1001 1090 hospites,

41 1105 79 1170 in
104 1107 226 1168 avibus
247 1109 468 1188 reperiantur.
509 1113 641 1172 Forsan
665 1109 766 1174 etiam
785 1107 928 1192 Ligulae
951 1109 1000 1171 id·

29 1207 135 1283 ¹circo
167 1221 296 1281 tanturn
325 1225 451 1276 certum
484 1223 614 1292 tempus
645 1210 683 1272 in
703 1207 848 1292 piscibus
878 1211 1000 1275 durare

25 1325 211 1392 possunt,
245 1326 278 1374 et
310 1316 415 1376 altero
440 1311 547 1375 stadio
568 1314 742 1393 proximae
763 1313 871 1393 pisces
891 1311 1000 1393 perio·

21 1413 154 1479 ‚raudo
177 1413 325 1478 evadere
348 1415 487 1480 tentant.

155 1514 268 1576 Simile
297 1517 377 1595 quid
400 1517 682 1596 Bothrioceplralo
709 1517 835 1590 solido,
867 1511 904 1574 in
933 1512 998 1577 Ga-

29 1615 198 1691 sterbstei
232 1615 372 1677 aculeati
406 1615 591 1681 abdomine
627 1616 761 1698 degenti
802 1614 997 1696 contingere

28 1715 258 1791 crediderim,
283 1715 342 1795 qui
361 1712 481 1781 avium
501 1717 665 1781 intestinis
684 1731 835 1797 receptus
859 1717 997 1778 demum

26 1821 226 1890 evolvatur
249 1830 283 1880 et
309 1820 508 1899 genitalibus
537 1823 732 1894 instruatur,
764 1838 851 1898 quae
883 1814 998 1898 priore

12 1925 72 1999 fin
97 1921 208 1983 stadio
228 1940 404 1999 nunquam
425 1926 656 1987 observantur.
698 1917 996 2000 Bothrtocephabs

23 2021 188 2087 nodosus
209 2020 325 2087 avium
346 2025 586 2101 aquaticarum,
622 2019 681 2101 qui
708 2042 751 2083 ex
778 2041 819 2083 eo
848 2021 902 2099 fit,
940 2014 993 2081 uti

22 2121 178 2197 Avium
210 2121 335 2209 Ligula
371 2122 498 2203 duplici
529 2142 610 2204 ergo
645 2134 730 2182 statu
770 2119 927 2190 occurrit;
962 2114 992 2181 si

21 2224 140 2289 brevi
163 2241 205 2283 ex
224 2226 318 2306 pisce
340 2221 526 2298 advenerit,
548 2223 708 2303 nondum
730 2224 906 2298 evolutus,
929 2219 991 2285 sed

20 2325 202 2407 simpleX,
232 2338 266 2386 et
300 2324 454 2406 deinceps
482 2322 683 2406 genitalibus
704 2321 896 2386 instructus.
936 2322 991 2384 Ita

21 2426 141 2493 eriam
163 2423 359 2506 explicatur,
389 2445 492 2506 quare
517 2422 615 2488 Aves
636 2422 827 2504 Aquaticae
849 2426 1012 2486 Germa.

14 2525 114 2597 'niae
138 2525 411 2606 septentrionalis.
436 2538 468 2588 et
488 2527 642 2607 Daniae,
671 2526 731 2585 ubi
753 2525 988 2589 Gasterosteus

10 2626 286 2715 :vulgatissimus
307 2642 366 2705 est,
389 2625 676 2709 Bothriocephalo
696 2639 835 2699 scatent3
857 2623 895 2689 in
911 2623 986 2687 Au-

20 2726 211 2795 stria.vero
225 2744 259 2793 et
271 2729 465 2812 regionibus
482 2731 689 2803 australibus,
713 2726 832 2806 quibus
847 2727 980 2791 Gaster-

11 2843 150 2921 pateus
185 2831 295 2910 deest,
323 2829 462 2899 eaedem
484 2848 565 2901 aves
588 2831 758 2912 aquaticae
780 2830 878 2890 illum
910 2841 984 2888 ver·

17 2953 127 3003 mem
147 2951 327 3012 nunquam
348 2932 521 3001 exhibent.

87 3026 93 3041 ’
137 3031 369 3116 Hypothetica
385 3054 459 3100 esse
474 3034 645 3114 concedo,
665 3029 742 3100 veri
762 3021 985 3094 similitudine

21 3150 145 3205 tamen
163 3156 271 3198 carere
292 3156 365 3196 non
388 3135 557 3199 videntur.

138 3237 296 3300 Filoriam
318 3237 528 3300 medimnum
550 3232 698 3298 hominis
720 3245 832 3297 cutem
853 3231 979 3312 trajice·
1047 3220 1052 3229 ’

20 3360 81 3419 re,
109 3336 211 3421 hujus
232 3333 397 3403 beneficio
418 3337 492 3402 fieri
512 3339 666 3414 videtur,
693 3356 738 3400 ne
765 3353 884 3398 verme
901 3343 979 3414 post

19 3451 163 3526 partum
184 3455 241 3504 aut
261 3441 324 3503 alia
346 3459 441 3500 causa
460 3454 597 3502 mortuo
620 3452 653 3501 et
672 3439 761 3501 inter
782 3447 891 3517 partes
904 3453 976 3499 sen·
1064 3462 1066 3467 ·

16 3538 143 3625 sibiles
165 3542 411 3624 corrumpendo
428 3541 595 3621 laedatur,
628 3541 688 3603 sed
719 3541 761 3601 de
786 3538 848 3600 illo
873 3532 992 3598 elimiss
1017 3578 1021 3595 ,

17 3640 142 3729 pando
166 3641 298 3726 cogitet.
325 3640 528 3725 Viviparam
539 3643 635 3704 illam
656 3660 740 3717 esse,
763 3655 797 3703 et
818 3638 974 3721 quemad-

19 3742 170 3833 pa'odum
189 3766 224 3828 p,
241 3745 318 3805 206.
338 3743 448 3821 retuli,
469 3740 616 3833 millenis
628 3744 804 3824 pullorum
823 3739 973 3805 millibus

10 3854 177 3929 wilere,
206 3865 270 3908 nos
293 3840 433 3908 omnino
455 3843 493 3907 in
515 3843 769 3908 admirationem
789 3843 973 3927 rapit,¹for·
