2452 4478
418 214 700 347 ...4354

172 404 323 471 Articuli
345 412 468 473 maturi
490 411 696 493 solutiiere
713 409 767 493 ,11³2ss
779 410 907 475 nullius
927 412 1030 496 piscis

60 512 218 574 Lutum
239 504 329 592 Rajis
354 515 410 574 vel
429 515 558 594 Squalis
582 514 827 580 adnumerandi
850 537 958 591 crasso
982 519 1029 582 in·

60 614 189 678 testino
213 613 354 688 desunt,
374 616 500 675 niodo
523 612 675 678 maxime
699 614 793 679 vario
815 620 1026 709 configurati,

61 717 174 778 amice
199 715 293 795 quasi
318 718 464 802 capitulo
490 717 677 789 (anterioris
707 718 836 779 articuli
860 725 944 823 parti
966 744 1025 804 po.

61 819 161 880 sticae
184 817 419 893 inserendo)
404 824 573 899 instructi,
597 842 665 900 quo
690 807 849 884 facillime
870 843 931 902 pro
954 816 1024 884 En·
1096 875 1102 882 .
1197 864 1200 875 ι

62 937 168 982 tozoo
193 922 309 984 tertiae
334 920 475 979 classis
467 942 649 1001 rmponere
665 917 821 1007 possint,
853 923 919 986 nisi
949 925 1024 1025 osti-

60 1045 123 1085 um
140 1021 325 1104 marginales
349 1036 503 1082 naturam
525 1021 697 1091 indicaret
929 1030 933 1039 ‘

170 1141 225 1204 Ex
247 1136 376 1202 articuli
407 1143 508 1204 soluti
537 1134 713 1206 foramine
732 1138 926 1225 marginali
933 1143 1023 1228 geni·

62 1234 132 1307 tale
155 1243 341 1307 masculum
365 1242 522 1307 filisorme
545 1245 668 1322 vagina
691 1240 914 1313 instructum
926 1247 1021 1339 apice

60 1344 260 1433 longissimo
286 1360 318 1411 et
341 1345 540 1409 tenuissimo
559 1362 668 1421 utens,
689 1341 856 1407 velociter
871 1361 905 1409 et
923 1348 1020 1411 'motu

60 1450 159 1530 quasi
180 1446 402 1529 peristaltico
409 1448 587 1527 egrediens
613 1441 804 1514 observavi

169 1565 198 1626 6.
222 1566 422 1625 Brrmrsrsrans
454 1561 553 1625 etiam
583 1560 765 1644 specimina
788 1561 892 1639 misit,
915 1563 950 1625 in
973 1563 1021 1629 in·

60 1668 189 1734 testinis
218 1665 335 1750 Spuolc'
356 1667 541 1744 Squatc'noe
563 1678 595 1726 et
619 1666 727 1746 Bajae
749 1666 950 1728 Pascinacae
970 1660 1023 1731 rei
1135 1662 1138 1670 ⁸

58 1786 166 1857 perta,
185 1790 262 1832 curn
282 1764 379 1828 dic't'is
400 1766 555 1849 protinus
580 1766 833 1842 convenientia.
887 1842 890 1849 1

102 1957 529 2051 ¹21.Botlrriocephalus
555 1956 752 2061 uncinatns
778 1963 824 2028 R.
850 1980 889 2032 n.
913 1981 965 2052 sp.
1010 1968 1025 2051 J

160 2112 215 2175 In
249 2106 408 2171 intestino
447 2122 555 2164 crasso
589 2104 706 2185 Squali
745 2102 841 2164 Ga
811 2125 839 2164 ec
867 2099 1019 2166 Arimini

58 2213 149 2298 Majo
129 2208 357 2294 ospecimina
380 2209 448 2272 duo
480 2206 540 2271 vix
560 2220 688 2288 septem
709 2203 816 2270 lineas
843 2206 963 2291 longa,
984 2221 1019 2273 et

10 2331 15 2337 '
58 2318 150 2382 tertii
173 2329 272 2399 caput
292 2309 415 2392 reperi

169 2433 275 2518 Caput
296 2427 581 2538 quadrangulum,
607 2384 783 2502 magnum,
804 2422 947 2490 boemiis
962 2441 1019 2492 tu·

58 2534 200 2629 midulis
222 2531 442 2599 transversim
464 2524 619 2602 costatis,
640 2523 775 2607 papillis
797 2542 947 2603 quatuor
962 2550 1032 2594 arr-³.

10 2670 13 2678 ·
57 2618 150 2710 ticis3
173 2618 308 2698 uncinis
339 2629 553 2699 validissimis
586 2641 660 2693 octo
681 2624 885 2704 simpliciter
914 2629 1031 2705 furcp'..

57 2740 148 2817 tis,
140 2738 229 2801 binis
253 2759 296 2800 ex
331 2735 469 2816 singulis
504 2730 635 2812 papillis
668 2724 833 2795 oriundis
895 2727 1017 2797 Collum

57 2841 314 2932 brevissimum,
343 2837 457 2918 ¹[carite
488 2853 610 2916 parum
636 2825 817 2910 angustius
867 2825 1029 2895 Articuli,

56 2944 190 3027 priores
214 2926 451 3033 rugaeformeS,
475 2937 564 2996 collo
581 2932 741 3001 latiorem
769 2949 852 2990 mox
871 2931 1032 3011 majorem

56 3041 364 3131 subquadrang'uli‚
387 3038 508 3124 postici
531 3040 605 3100 fere
630 3029 866 3114 campanulati.

167 3165 249 3229 Obs.
272 3160 414 3226 Hamuli
448 3159 517 3219 lere
550 3155 654 3217 iidem
681 3161 760 3211 sunt
793 3169 831 3213 ac
852 3151 1031 3218 ‘Priasus-¹

55 3269 160 3355 pheri
188 3267 247 3330 sed
275 3279 376 3350 caput
401 3275 434 3323 et
463 3257 593 3324 articuli
622 3256 663 3318 ab
691 3253 760 3316 -hoc
789 3255 936 3334 speciem
955 3258 1031 3318 not

55 3388 160 3438 stram
183 3369 320 3435 abunde
342 3366 564 3445 distinguunt.
607 3354 642 3422 A
664 3352 775 3436 specie
793 3356 1033 3436 praecedente-

54 3477 183 3560 pariter
206 3474 342 3535 diversa
362 3468 511 3539 videtur,
543 3466 586 3525 ob
609 3459 766 3525 hamulus
790 3454 1016 3536 simpliciores

55 3576 190 3661 duplici
211 3580 357 3638 num'ero
381 3580 586 3658 praesentes,
610 3566 654 3626 ob
679 3561 804 3623 collum
824 3562 946 3633 breve,
970 3561 1017 3621 ob

56 3682 220 3745 articulos
246 3675 382 3736 ultimos
415 3674 451 3738 in
479 3667 715 3751 speciminibus
747 3662 894 3745 pusillis,
928 3662 1018 3740 quie

54 3783 186 3848 idcirco
211 3780 285 3844 fere
305 3778 436 3861 integra
457 3775 669 3848 viderentur,
698 3755 959 3846 campanulatos.
1030 3810 1035 3818 .

684 3869 798 3941 Hbs
