2452 4478
560 233 840 311 ...514-

225 409 291 472 quo
315 388 450 449 nullum
478 381 616 467 originis
645 385 788 448 dubium
815 405 1019 473 superesset.
1060 392 1180 458 Taeni-

226 493 290 552 olis
319 489 387 551 istis
417 503 514 569 capnt
548 487 682 548 insimul
712 487 815 572 magis
849 494 1075 557 rotundatum
1109 498 1178 578 fuir,

227 614 303 655 cum
324 590 451 673 magnis
475 606 508 652 et
529 589 642 651 liberis
664 592 737 655 sere
759 595 974 676 polygonum
998 594 1050 658 sit.

332 693 430 779 Quae
453 691 558 751 altero
575 693 630 754 dle
647 690 681 752 in
699 695 815 773 quinta
837 710 869 757 et
890 713 981 758 sexta
996 698 1180 763 coturnice

227 796 335 876 reperi
358 790 555 875 specimina,
582 793 672 854 haud
702 816 807 876 aeque
838 798 904 858 lata
933 800 1092 875 suerunt,
1125 805 1180 866 sed

228 897 382 959 articulos
410 893 615 976 posteriores
645 898 781 975 multos,
802 898 977 979 longiores
1001 920 1034 964 et
1058 908 1180 984 campi-

225 1001 359 1061 nulatos
394 995 629 1060 exbibuerunt.
692 1000 832 1062 Offendi
865 1005 966 1062 ‘etiam
1000 1005 1180 1085 specimina

227 1099 346 1164 brevia
366 1100 424 1161 vel
447 1102 550 1181 magis
573 1114 754 1182 compacta,
779 1105 884 1182 capite
909 1104 1062 1184 majore,
1095 1112 1178 1172 c'ollo

227 1202 397 1279 breviore,
419 1196 563 1262 articulis
585 1202 810 1265 anterioribus
834 1192 934 1267 solito
957 1210 1190 1293 longioribbs.·

337 1304 417 1366 Obs.
443 1302 738 1387 Quemadmodum
759 1306 965 1371 vermiculos
985 1310 1023 1372 in
1043 1315 1176 1377 Perdice

230 1404 359 1471 saxatili
382 1404 514 1478 obv'i'os,
537 1393 688 1468 Taeniae
716 1409 823 1487 capite
850 1424 883 1472 et
905 1413 987 1473 colli
1009 1420 1106 1494 'parte
1123 1418 1177 1479 lot·

228 1518 354 1584 matos,
375 1508 447 1570 fere
468 1509 565 1568 'novo
588 1510 974 1593 genere-'l'etrathyridii
994 1529 1176 1587 enumeras

227 1634 308 1692 sem,
328 1592 397 1673 nisi
417 1608 675 1672 'observationes
696 1609 898 1690 praemissae
911 1618 986 1678 'reth
1010 1612 1176 1702 explicuis

229 1728 319 1791 tent,
351 1714 398 1775 ita
428 1711 510 1773 olim
537 1711 682 1775 Taenias
714 1706 914 1805 *longicolles
947 1721 1094 1798 pusillas
1122 1746 1173 1807 pro

230 1818 371 1881 Scolece
397 1819 593 1878 tetrasto'mo
620 1812 780 1890 vendidi,
807 1818 838 1877 e't
864 1838 927 1877 am.
957 1840 1003 1881 aa
1042 1825 1175 1901 Ormt,

228 1918 293 2001 qui·
309 1914 512 1980 Gast'erostei
534 1908 717 1978 Taeniolas
737 1917 988 1998 Rbycelmiu'thi
1014 1927 1176 1991 Taerrr'olrt

229 2021 372 2087 nomine
395 2017 599 2080 describeret
615 2030 649 2081 ‘et
670 2016 865 2092 delinearet,
888 2025 1173 2102 pariteriuductut

230 2138 290 2189 est.
334 2119 460 2184 Confer
479 2110 733 2182 observationes
753 2119 791 2179 in
814 2120 1001 2189 Scole‘cem.

280 2294 337 2368 52.
363 2278 495 2350 Taenia
522 2277 687 2369 elliptica
712 2282 869 2348 Barscrr.

334 2408 438 2495 Quod
461 2406 545 2468 olim
564 2405 748 2486 suspicatus
772 2426 854 2480 sum,
871 2408 1040 2477 Taeniarn
1064 2420 1175 2486 scilicet

228 2512 466 2593 cuneicipitem
490 2512 635 2587 Zeuma,
656 2508 780 2568 Entoz.
801 2511 849 2572 11.
863 2528 891 2571 e.
915 2534 950 2592 p.
978 2531 1053 2596 143·
1078 2544 1112 2588 n.
1132 2538 1175 2600 44

229 2616 269 2674 ad
290 2615 333 2678 T.
356 2613 537 2693 ellipticam
561 2610 607 2670 ib.
628 2631 659 2691 p.
685 2625 753 2688 195.
776 2631 810 2670 n.
835 2606 884 2691 76.
908 2616 1102 2702 pertinere,
1130 2647 1175 2690 ne

226 2736 293 2796 que
315 2715 400 2775 banc
421 2727 577 2776 armatam
601 2732 688 2793 esse,
723 2713 963 2793 speciminibus
989 2731 1174 2809 comproba·

227 2833 300 2879 turn
335 2816 408 2878 vidi
439 2813 476 2877 in
510 2814 674 2876 intestinis
699 2818 783 2877 Felr‘s
808 2816 883 2880 Cati
915 2826 1063 2902 repertis
1095 2847 1127 2895 et
1145 2833 1174 2894 ab

224 2943 291 3007 arn.
311 2920 498 2982 Basrrssrto
521 2916 693 2981 benevole
715 2934 848 2982 mecum
871 2933 1144 2999 communicatis.

330 3036 396 3098 His
420 3036 512 3098 'enim
535 3035 656 3100 adsunt
678 3020 806 3113 or'nnia,
838 3059 924 3118 quae
954 3044 1121 3113 Znnrrrns
1139 3051 1173 3112 de

225 3138 430 3220 cuneicipite
452 3139 569 3214 refert,
598 3153 700 3221 caput
728 3139 852 3201 scilicet
886 3144 1071 3226 variabile,
1105 3171 1173 3214 mox

225 3244 481 3323 subglobosum‚
494 3261 575 3303 mox
590 3241 811 3315 cuneisorme,
825 3243 884 3304 sed
906 3264 1086 3325 praeterea
1107 3257 1174 3317 arti.

222 3347 288 3406 culi
299 3345 419 3404 dantur
430 3341 560 3424 postici,
576 3342 635 3422 qui
647 3343 841 3406 Zederianis
865 3351 1113 3427 speciminibus
1134 3357 1173 3417 de

220 3448 368 3515 luerunt,
385 3466 452 3524 qno
472 3445 634 3506 Taeniam
657 3445 893 3528 cuneicipitem
916 3471 994 3518 esse
1017 3457 1172 3530 Taeniarr

224 3547 404 3626 ellipticam
426 3568 590 3627 mancam,
614 3546 767 3615 efficitur.

275 3715 335 3787 53.
362 3703 497 3773 Taenia
523 3704 705 3801 globifera
731 3701 896 3777 Barscrr.¹

329 3846 463 3928 Species
485 3848 549 3912 ista
568 3870 782 3934 summopere
811 3853 935 3936 variat,
961 3877 1085 3945 neque
1107 3864 1175 3929 mul·
