2452 4478
375 233 654 326 ...363-

40 405 129 472 enim
147 421 268 477 recens
287 401 513 463 examinatum
538 416 623 463 teres
646 399 760 463 visum
774 399 814 463 sit
828 392 1002 474 Distornas

45 511 162 594 spiritu
186 509 259 569 vini
273 519 471 579 servatum,
503 506 617 565 forsan
649 505 839 583 depressum
865 509 999 570 exhibe.

48 629 112 685 tur3
135 616 209 692 ipse
230 623 342 670 tamen
367 603 479 686 quoad
502 608 576 669 fieri
598 604 764 688 potueris,
787 626 918 699 semper
939 626 999 671 sta.

51 732 120 778 tum
142 725 312 774 recentem
333 731 413 790 prae
437 711 543 770 oculis
567 707 679 771 habui.
724 709 894 768 Pororum
915 711 999 774 ratio

47 816 268 900 utplurimum
291 813 421 896 species
442 814 559 875 affines
583 814 725 891 colligit,
766 810 937 874 interdum
959 830 1001 876 ta-

49 941 132 983 men
157 918 285 999 species
308 921 407 981 valde
431 917 548 976 affines
576 936 740 997 potorum
769 917 933 977 rationem
958 918 1003 980 di.

48 1041 180 1085 versam
206 1023 334 1083 sistunt.
379 1023 569 1082 Distomata
597 1018 726 1099 piscina
755 1038 835 1096 prae
864 1018 1005 1099 reliquis

46 1125 138 1206 poris
162 1123 278 1203 amplis
302 1123 492 1205 suglobosis
515 1122 768 1202 dignoscuntur,
792 1134 870 1181 sunt
892 1134 1006 1186 tamen

45 1226 107 1289 iila
129 1227 217 1286 inter
244 1225 340 1286 etiam
369 1222 555 1285 minoribus
591 1237 625 1284 et
656 1221 864 1304 planioribus
890 1223 1007 1288 instru.

48 1344 120 1401 cta3
151 1327 359 1406 reliquarum
385 1326 539 1387 classium
563 1316 751 1386 Distomato
774 1324 888 1384 minus
917 1326 1009 1392 diffe.

48 1444 139 1492 runt.
185 1429 428 1489 Habitaculum
464 1428 572 1515 simile
605 1448 639 1488 ν.
665 1421 692 1485 εξ
722 1425 834 1486 vesica
863 1432 1010 1494 urinaria

52 1552 155 1612 saepe
179 1529 391 1590 diversarum
413 1531 568 1594 classium
598 1526 726 1609 species
749 1529 867 1593 affines
891 1534 1011 1597 reddit,

63 1635 284 1696 successores
317 1629 400 1691 olim
436 1635 528 1694 hisee
565 1632 608 1692 de
643 1625 744 1691 rebus
779 1635 911 1714 egregia
938 1658 1013 1721 pro:

25 1723 181 1800 “sereno
503 1743 507 1748 ’

114 1913 145 1964 1.
171 1895 341 1964 Distoma
366 1891 577 1986 hepatioum
602 1896 763 1963 Animo.

183 2023 318 2103 Species
351 2020 584 2084 mammalibus
623 2019 778 2100 plurimis
812 2026 1017 2110 communis,

64 2127 239 2205 multoque
262 2130 424 2208 pluribus,
447 2146 547 2205 quam
568 2122 604 2182 in
618 2125 870 2208 Entozoologia
882 2151 1034 2205 enum&

66 2249 135 2291 rare
161 2227 265 2291 licuit.

170 2344 350 2428 Specimen
387 2344 421 2406 in
446 2346 638 2408 Halmaturi
658 2349 809 2426 gigantei
836 2349 1021 2435 (Kanguri)

68 2448 189 2532 hepate
223 2463 400 2529 repertum¹
420 2447 462 2508 in*
485 2445 604 2510 Museo
634 2448 827 2512 Viennensi
860 2450 949 2526 vidi,
980 2459 1021 2517 ab

69 2554 175 2614 ovino
196 2551 393 2630 neutiquam
417 2552 625 2631 discrepans3
648 2551 774 2613 ibidem
798 2552 892 2617 adest
914 2556 949 2619 in
965 2559 1024 2622 Cu·

69 2655 171 2717 nicoli
191 2653 314 2734 hepate
336 2655 475 2714 lectum.
518 2654 560 2712 In
587 2655 697 2715 &iuri
718 2659 871 2736 europaci
892 2658 1024 2741 hepate,
1111 2695 1112 2698 ¹

68 2755 229 2839 hydatide
249 2755 420 2816 inclusum
443 2755 505 2814 cel.
528 2756 708 2818 Tmemm
722 2760 900 2819 Tozzurrr
924 2764 1027 2826 offen-

70 2859 126 2931 dit,
153 2861 260 2919 ovino
287 2854 494 2916 simillimum
516 2858 656 2935 (Bnnun
672 2843 790 2940 Suppl.
811 2882 844 2941 p.
868 2869 946 2941 95).
984 2870 1028 2926 In

72 2959 206 3023 Comelo
229 2960 428 3020 Bactriano·
448 2972 482 3021 et
500 2961 656 3041 Ancilope
680 2965 831 3038 Kevella,
855 2965 925 3025 Cat.
942 2967 1029 3029 Eut.

69 3061 201 3125 Vienn.
221 3062 477 3140 manuscriptus.
522 3064 564 3122 In
594 3066 767 3145 Antilopes
791 3065 949 3128 Corinnae
971 3088 1029 3131 oe·
1078 3144 1080 3148 ι

70 3165 221 3248 sophago
244 3179 374 3245 reperta
391 3161 439 3224 ill.
464 3165 717 3263 Sonuurnnrnf,
738 3166 821 3228 mihi
845 3169 938 3231 dedit
960 3191 1031 3252 spe·

41 3294 44 3297 “
72 3267 196 3329 cimina
219 3267 289 3344 tria,
314 3285 461 3346 quorum
481 3268 550 3327 duo
573 3266 722 3347 minora,
750 3270 883 3333 tertium
912 3273 1031 3354 majus,

71 3370 225 3454 vulgaris
249 3371 389 3431 formae.

174 3473 294 3534 Phoca
319 3476 452 3533 barbata
465 3465 644 3553 'propriam
662 3474 864 3537 Distomatis
888 3476 1035 3558 speciem

72 3574 192 3656 hepate
221 3575 334 3650 fovet,
373 3578 418 3635 D.
437 3559 639 3651 tenuicolle‚
672 3599 706 3638 n.
730 3593 771 3655 5..
804 3580 848 3639 In
881 3579 1037 3647 Erinocei

72 3675 235 3759 hydatide
262 3677 390 3757 hepatis
425 3679 603 3758 peculiaris
635 3701 773 3762 quoque
795 3675 945 3762 speoies,
978 3687 1040 3764 D,

72 3780 244 3856 pusillum,
270 3801 304 3843 n.
320 3783 371 3858 56.
394 3779 547 3857 occurrit,
563 3785 724 3847 ulteriore
741 3783 854 3856 tumen
879 3788 1039 3851 examine

73 3880 218 3962 dignum.
269 3882 541 3967 Quadrumanae‚
552 3887 582 3948 F
586 3908 673 3964 erae,
697 3888 843 3951 Cetacea
863 3889 989 3955 hacten
998 3908 1039 3952 us
