2452 4478
403 268 685 344 ἰι-481,-

55 408 347 496 antoninum,
386 422 527 486 bothriis
552 416 773 488 transversim·
793 422 898 492 modo
921 435 1023 496 maxi·

52 542 113 585 me
136 523 284 605 regulari
306 524 425 587 striatis
448 540 601 600 tumens,
624 541 800 609 tantopere
823 535 863 591 ab
889 530 948 595 illo
965 556 1020 603 ,re-

52 624 234 706 liquorum
270 626 398 707 differt,
427 640 464 689 ut
493 627 634 722 seorsim
670 624 871 696 enumerare
904 656 1018 721 cogar.

33 725 118 794 'An
141 725 259 788 uncini
281 728 567 792 tantum³retracti
589 734 689 796 sunt?

105 901 169 958 ao.
193 887 529 982 Bothriocephalus
556 882 753 983 coronatus
776 895 825 964 R.
849 979 852 983 Ι

89 1046 101 1079 '2
172 1033 308 1114 Species
345 1036 386 1096 ab
420 1030 548 1116 optimo
585 1034 744 1100 Bnenrno
775 1039 813 1097 in
838 1034 1013 1105 antemnis

51 1134 164 1220 Rajoe
184 1139 288 1198 Botis
310 1136 455 1215 detecta,
484 1136 521 1198 in
549 1139 799 1219 Entozoologia
821 1145 1010 1225 secundum

52 1239 101 1298 cl.
117 1235 186 1301 viri
208 1238 329 1320 figuras
353 1237 462 1302 obiter
488 1250 618 1316 tantum
646 1240 840 1320 descriptas·
856 1242 935 1304 Ent.
958 1246 1009 1309 H,

50 1356 83 1403 a.
106 1330 141 1422 p'.
163 1357 236 1418 ³13·
257 1363 292 1404 n.
317 1341 388 1406 116.
408 1340 493 1404 Tab.
514 1342 558 1402 X.
578 1342 652 1425 Εἰς.
669 1358 784 1423 7-10.
806 1343 935 1407 Taenia
946 1348 1010 1410 Ra-

45 1442 103 1525 jae
124 1443 227 1508 Baris.
282 1462 285 1467 ·
352 1465 355 1473 ·
637 1470 666 1529 ⁴*

144 1547 239 1628 apae
260 1545 348 1608 hanc
370 1547 594 1627 postmodum
620 1543 657 1607 in
687 1545 789 1609 Italia
808 1540 1009 1627 frequentis-

48 1646 170 1712 simam
191 1648 319 1730 reperi,
343 1663 376 1712 et
403 1651 550 1730 singulas
573 1647 847 1730 observationes,
884 1653 1008 1728 quibua

45 1749 217 1832 majorem
233 1751 336 1812 fidem
358 1750 487 1826 faciam,
511 1748 680 1831 sigillatim
701 1751 855 1814 referam.

72 1894 75 1899 -
158 1871 187 1919 1.
214 1853 369 1914 Primum
401 1850 553 1914 Arimini
590 1849 703 1932 Aprili
734 1849 772 1913 in
811 1839 1005 1937 Torpellinir

43 1958 263 2018 minoratae
292 1954 368 2016 satis
403 1974 545 2035 magnae
580 1950 739 2016 intestino
782 1971 890 2014 crasso
932 1956 1003 2021 duo
1056 1985 1061 1996 ·

43 2057 233 2138 fragmenta
256 2055 384 2136 reperi,
412 2057 557 2118 alterurn
585 2068 745 2134 quatuor,
779 2041 922 2118 alterurn
943 2078 1005 2137 sex

11 2145 13 2149 ¹
42 2158 154 2224 lineas
178 2159 290 2241 longa,
313 2157 472 2238 capillum
492 2155 657 2220 tenuitate
679 2160 887 2237 superantia,
909 2160 1003 2233 viva.

152 2260 266 2342 Caput
288 2260 439 2326 bochriir,
459 2244 602 2340 q‘uatuor
631 2258 788 2341 ovalibus
813 2275 1004 2329 antrorsum

41 2360 293 2448 approximatis,
316 2375 500 2425 retrorsum
521 2358 1003 2443 divergentibusinstructunr3

42 2465 178 2551 singula
199 2462 363 2526 uncinum
385 2462 436 2526 bis
455 2461 673 2542 bifurcatum,
702 2465 837 2542 qualem
854 2466 1003 2532 Entozo·

41 2568 180 2653 plegiae
202 2568 289 2641 Tab.
309 2567 354 2631 X.
381 2565 454 2648 Fig.
477 2583 508 2643 9.
537 2564 655 2638 refert,
689 2564 774 2646 apici
802 2565 912 2628 antico
948 2568 1001 2631 ad·

40 2689 171 2735 nexum
192 2669 352 2751 gerentia.
397 2665 518 2728 Collum
534 2664 779 2747 longissimum,
801 2664 846 2727 ita
868 2680 906 2726 ut
925 2670 1003 2733 alte·

41 2773 113 2839 rius
140 2770 335 2855 speciminis
363 2768 448 2832 nihil
480 2781 656 2850 praeterea
679 2768 828 2842 adesset,
864 2754 1000 2832 alterius

43 2856 200 2964 quinque
228 2874 336 2939 lineas
361 2876 505 2955 longum
533 2889 659 2955 paucos
687 2868 860 2951 exciperet
885 2867 1001 2933 articu-

41 2981 94 3043 los
121 2975 452 3059 subquadrangulos,
492 2971 555 3037 vix
588 2971 695 3054 duplo
725 2973 861 3036 latiores
894 2991 1001 3055 quam

40 3064 178 3165 longos.
988 3082 991 3087 “

156 3196 189 3244 2.
213 3179 326 3241 Multa
361 3173 442 3239 dein
480 3169 663 3256 specimina
700 3172 783 3242 viva
812 3174 850 3242 in
881 3177 1003 3266 squali

38 3285 190 3349 stellaris
220 3278 381 3347 intestino
418 3295 526 3339 crasso
560 3273 713 3341 Arimini
746 3273 842 3362 Majo
877 3279 1021 3362 reperi,

39 3401 190 3471 quatuor
211 3382 253 3443 ad
276 3394 352 3443 octo
381 3378 522 3461 pollices
547 3380 666 3464 longa,
693 3383 886 3465 multosque
907 3403 1001 3466 prae*
1047 3436 1052 3446 .

37 3502 134 3554 terea
157 3485 315 3547 articulos
338 3480 544 3564 posteriores
569 3485 711 3550 solutos.

58 3653 61 3660 ,
151 3587 292 3669 Capitis
308 3582 442 3646 bothria
464 3584 682 3649 transversim
705 3576 1000 3670 cos'tata,quando·

33 3713 106 3777 que
139 3688 271 3775 postice
304 3689 457 3750 {oramen
488 3685 604 3751 sistere
639 3687 858 3766 videbantur,
896 3693 1001 3775 quale

33 3793 123 3880 quid
157 3793 320 3855 Bnasruo
355 3786 555 3870 imposuisse
590 3788 746 3870 videtur,
784 3792 842 3872 qui
875 3793 1003 3862 Entoz.

30 3899 124 3964 Tab.
147 3894 194 3965 X.
203 3892 283 3976 Εἰς.
296 3899 328 3964 8.
349 3890 505 3962 foramen
525 3893 652 3964 bothrii
669 3887 777 4069 plegii
795 3893 1003 3982 duplicatum
