2408 4478
547 237 600 258 -
653 200 727 271 266
763 206 832 255 ’-

197 370 311 435 minae
346 371 458 455 (quod
497 366 596 432 etiam
627 371 813 451 suspicatus
850 363 961 447 eram)
996 385 1078 432 non
1114 367 1159 433 de

197 493 313 559 pressa
334 487 396 541 est·

401 699 663 780 Species
712 695 956 763 dubiae.

252 869 311 943 25.
338 857 557 952 strongylus
582 854 713 949 Vulpis
739 853 979 951 glandularis·

308 1004 469 1063 Entozoa
507 1002 673 1082 quaedam
713 1001 873 1083 pollicem
911 1002 1101 1067 dimidium
1134 1017 1160 1065 et

202 1104 297 1187 quod
311 1104 457 1167 excurrit
480 1107 591 1185 longa,
607 1105 833 1180 crassiuscula,
846 1102 1017 1186 feminea,
1041 1126 1101 1169 ore
1120 1126 1159 1168 ot·

200 1204 342 1269 biculari
363 1206 531 1282 instructa,
553 1208 658 1287 inque
685 1207 801 1287 Vulpis
829 1209 1005 1290 glandulis
1039 1227 1157 1273 meseu-

202 1309 278 1373 terii
306 1327 441 1391 reperta
467 1312 504 1373 in
533 1310 657 1372 Museo
687 1310 884 1377 Viennensi
904 1310 981 1379 vidi
1010 1326 1048 1375 et
1070 1312 1157 1375 dubie

204 1413 401 1477 huctetuli.
1068 1440 1078 1469 t

255 1570 313 1641 26.
337 1572 559 1668 strongylus
586 1573 716 1666 Vulpis
742 1576 1013 1671 oesophageus.
1113 1652 1118 1663 ‚

311 1718 395 1785 Am.
424 1721 589 1780 anrrsnn
617 1718 745 1799 aliquot
777 1721 960 1802 specimina
981 1722 1021 1784 in
1054 1724 1161 1806 Vulpis

204 1823 402 1905 oesophago
438 1833 570 1904 reperta
596 1823 700 1896 misit,
743 1822 855 1884 onmia
877 1823 1050 1901 feminea,
1090 1826 1159 1899 alba,
1197 1900 1200 1913 1

203 1927 358 2009 quinque
389 1926 430 1987 ad
459 1940 588 2007 septem
617 1923 723 1986 lineas
748 1926 865 2008 longa,
895 1926 990 1990 varie
1024 1942 1160 1992 curvata.
1197 1920 1200 2013 l

208 2032 259 2094 Os
280 2028 478 2092 orbiculare.
516 2026 640 2105 Corpus
664 2008 833 2106 unirique,
847 2029 954 2110 magis
978 2046 1099 2095 tamen
1118 2050 1159 2093 an

204 2150 351 2219 trorsum
373 2144 593 2192 attenuatum.
624 2129 740 2192 Gauda
760 2130 872 2194 brevis
891 2134 987 2215 apice
1001 2134 1159 2200 tenuiore.

204 2234 377 2318 Strongyli
399 2234 526 2295 femina
548 2233 693 2298 videtur.
720 2244 724 2251 '

257 2406 317 2480 28.
345 2393 567 2487 strongylus
595 2391 687 2461 Suis.

311 2542 395 2619 Duo
433 2537 618 2622 specimina
649 2536 685 2598 in
717 2540 796 2601 Suis
827 2536 989 2603 bronchis
1029 2536 1162 2604 inventa

206 2645 408 2709 Bnnusanus
430 2643 527 2713 misit,
546 2640 706 2713 seminem
728 2643 872 2702 mascula
888 2641 963 2721 ipse
987 2663 1068 2703 non
1081 2641 1163 2706 vidit.

313 2744 474 2808 Alterum
485 2745 623 2806 illorum
647 2743 841 2821 duodecim,
863 2745 1009 2805 alterum
1036 2746 1165 2826 quinde-

207 2849 272 2912 cim
293 2849 399 2912 lineas
421 2847 637 2930 longitudine
666 2862 821 2928 aequant.
869 2845 985 2925 capue
1015 2848 1166 2919 rotunda·

207 2966 280 3014 tum
302 2952 515 3020 continuum,
546 2949 662 3014 Gauda
682 2950 838 3030 depressa
861 2950 982 3025 obtusa
996 2968 1083 3012 cum
1102 2970 1167 3015 acu·

206 3074 310 3123 mme.

450 3277 588 3348 Genus
625 3277 699 3347 IX.
742 3278 923 3347 Ascuris.

317 3463 461 3529 Generis
498 3465 664 3531 character
704 3464 740 3526 in
776 3461 950 3547 speciebus
995 3457 1173 3527 individua

209 3563 336 3645 majora
359 3567 553 3631 sistentibus
566 3568 826 3650 probatissimus,
843 3572 878 3630 in
893 3564 1094 3628 minoribus
1110 3580 1174 3647 pas·

211 3666 276 3725 sim
295 3667 461 3731 difficllius
483 3670 622 3747 eruitur,
646 3694 732 3754 quae
755 3686 846 3737 tanto
871 3690 971 3750 saepe
984 3682 1091 3731 motu
1112 3667 1174 3750 pol·

211 3768 286 3828 lent
307 3782 344 3828 ut
357 3770 457 3835 vivae
480 3774 654 3854 dijudicari
675 3788 859 3858 nequeant,
881 3784 1042 3857 mortuae
1067 3786 1173 3835 autem

210 3867 385 3932 interdum
407 3872 473 3937 oris
494 3890 625 3963 partem
647 3893 822 3946 retractam
851 3888 887 3946 et
915 3877 1103 3941 obscuram
1127 3893 1171 3940 ex·
