2452 4478
535 252 588 277 -
638 216 824 318 694:-

306 391 447 457 Candor
472 404 629 451 summus
655 381 706 447 uti
729 383 775 447 Τ.
796 376 1032 464 cyathiformi
1059 376 1177 445 brasili-

193 497 287 560 'anae
310 502 410 576 supra
432 515 469 557 n.
491 508 544 568 91.
572 487 619 552 A.
650 484 860 566 descriptae,
894 484 956 548 cui
987 485 1096 549 etiam
1114 486 1180 570 ipsa

201 601 362 681 proxima
382 609 445 670 est,
469 585 533 657 sed'
554 589 663 672 capite
686 588 829 651 diverso
851 586 973 651 utitur
998 604 1036 654 et
1059 587 1181 653 articuli

203 699 413 783 posteriores
437 716 533 760 mere
554 689 781 774 campanulati
801 704 901 768 sunt,
916 711 1045 774 neque
1064 688 1182 776 singuli

205 802 358 883 margine
377 802 511 887 postico
537 797 651 861 libero
679 793 837 875 singulos
868 793 1107 879 insequentes
1128 815 1183 857 aur

206 903 318 966 biunt.
1172 952 1176 960 .
1222 902 1224 911 '

314 1006 353 1074 B.
379 1001 559 1086 Specimen
580 997 617 1060 in
640 999 840 1082 Muscr'ccpc
858 1002 1001 1063 audace
1020 1012 1182 1083 repertun

211 1104 320 1187 capite
349 1104 550 1167 destituitur.
605 1101 750 1164 Articuli
777 1100 915 1181 priores
944 1104 1182 1186 rugaeformes,

212 1209 436 1287 insequentes
457 1207 603 1277 breves,
625 1204 683 1265 sed
709 1203 843 1285 angulis
864 1203 1020 1285 posticis
1042 1201 1181 1268 exstanti

193 1309 288 1382 ¹hus,
316 1304 618 1388 subcampanulati.
637 1340 684 1354 -
725 1305 824 1369 Vere
846 1305 1093 1388 campanulati
1114 1304 1180 1368 huic

210 1397 391 1489 'specimini
413 1411 547 1478 desunt,
571 1409 665 1488 quod
686 1405 787 1469 etiam
808 1408 931 1471 colore
955 1407 1072 1471 utitur
1090 1409 1180 1471 fusce·

215 1527 350 1586 scente;
383 1508 495 1574 nihilo
531 1523 647 1575 tamen
672 1508 787 1573 minus
814 1529 881 1595 pro
919 1513 1057 1575 eadem
1083 1507 1179 1594 specis

124 1646 126 1650 ν
215 1609 336 1675 habeo.

270 1781 332 1861 95.
357 1769 494 1842 Taenia
513 1771 690 1868 vaginats
708 1776 756 1845 lt.

261 1896 406 1983 synope.
432 1925 465 1985 p.
493 1918 560 1981 153.
585 1908 618 1964 n‘.
643 1909 694 1981 36.
716 1897 871 1965 Mentiss.
892 1921 931 1983 p.
955 1915 1038 1990 503.
1090 1910 1096 1917 “

283 1988 285 1993 ’
330 2003 445 2089 Quam>
465 2005 501 2066 in
522 2007 695 2088 xEuropae
719 2003 903 2066 Charadrio
932 2003 1180 2088 Himantopode

221 2107 424 2183 repertaml
459 2127 486 2166 c.
517 2107 692 2189 descripsi,
724 2108 922 2170 Neruam
957 2105 997 2167 in
1022 2104 1178 2170 intestinis

226 2202 278 2264 Cle
299 2209 408 2268 rodrir‘
433 2209 648 2290 neelanopceri
680 2209 754 2272 sive
787 2207 1067 2289 Himantopodis
1097 2211 1179 2271 mela-

221 2307 381 2387 nopteri?
403 2311 456 2382 (an
481 2313 521 2370 ab
545 2314 607 2372 illo
628 2311 774 2386 diversi),
797 2324 829 2372 et
849 2313 886 2371 in
909 2309 1091 2374 intestinis
1107 2314 1179 2373 Trin-

220 2427 283 2487 gae
303 2430 338 2470 n.
364 2417 432 2487 187.
454 2413 489 2472 in
514 2413 655 2476 Brasilia
677 2414 814 2496 reperit.

326 2525 374 2592 A.
388 2531 664 2614 Irlimantopodc‘s.
705 2536 790 2594 Duo
813 2530 1008 2615 specimina
1032 2534 1144 2595 adulta
1154 2541 1179 2595 et

222 2629 397 2708 complura
421 2636 559 2706 tenella3
591 2635 649 2697 illa
678 2637 765 2696 ultra
794 2637 880 2695 duos
903 2634 1059 2713 pollices
1081 2639 1178 2716 longa,

222 2730 363 2791 alterum
387 2734 460 2796 fere
479 2738 562 2797 duas
584 2738 691 2799 lineas
713 2739 835 2810 latum,
865 2737 1023 2798 alterurn
1055 2737 1115 2799 has
1141 2758 1179 2798 su·

219 2851 351 2909 perans.
396 2837 503 2919 Caput
525 2840 596 2902 fere
616 2853 841 2910 maceratum,
870 2835 968 2895 haud
992 2840 1089 2900 bene
1111 2839 1177 2919 diju·

222 2932 419 3010 dicartdu1n3
443 2940 571 3021 reliqua
594 2957 708 3006 exacte
731 2947 769 3006 Τ.
789 2936 985 3016 vaginatae.
1036 2939 1179 3024 Specimi-

220 3033 322 3100 nibus
346 3044 482 3103 tenellis
503 3059 605 3122 caput
627 3049 716 3108 bene
732 3042 874 3112 visibile,
891 3044 1042 3106 roscello
1067 3046 1178 3127 exiguo

220 3136 437 3216 instructum,
473 3145 620 3206 articulis
653 3147 770 3209 anticis
797 3144 923 3226 passim
946 3145 1179 3228 longiusculis.

221 3236 672 3310 subinfundibutisormibus.

325 3344 364 3404 B.
393 3348 538 3428 Tringne.
564 3347 804 3430 Speciminum,
822 3364 909 3424 quae
933 3344 1029 3423 vidi,
1052 3353 1179 3412 alterum

219 3453 286 3504 tres
308 3462 440 3524 quartas
462 3450 595 3531 pollicis
617 3470 748 3536 partes,
770 3450 916 3511 alterum
932 3450 1030 3512 duos
1050 3453 1178 3535 pollices

219 3557 253 3606 er
274 3560 342 3609 tres
359 3551 468 3614 lineas
490 3557 649 3636 longum,
683 3569 866 3630 utrumque
900 3552 1044 3632 poetice
1066 3557 1178 3620 lineam

216 3645 396 3716 latitudine
420 3675 578 3736 superans
589 3683 602 3744 3¹
630 3659 758 3720 Museo
784 3654 1024 3734 sexpollicare
1055 3657 1176 3731 servari,

213 3746 389 3828 Bnurrsnn,
410 3757 529 3820 litteris
550 3758 736 3822 mandavit.
784 3756 892 3838 Caput
916 3780 1086 3839 parvum,
1102 3782 1174 3823 oscu-

211 3850 255 3919 lis
273 3851 526 3940 orbicularibus,
549 3865 687 3929 tortello
705 3858 842 3942 exiguo·
876 3859 1017 3927 Collum
1041 3867 1171 3930 nullum«
