2452 4478
566 257 618 276 -
668 230 744 315 494
795 232 857 276 -·

332 381 525 474 specimen,
561 387 655 468 quod
694 392 756 452 cel.
782 390 988 466 Tururrna,
1023 388 1181 477 Augusto

225 512 341 554 mense
364 493 398 551 in
423 489 530 552 sciuri
551 488 871 579 jejunoffepertum,
896 493 988 554 dono
1012 494 1119 576 dedit,
1140 518 1181 557 ca

224 593 295 675 pite
318 595 461 675 globoso
485 612 602 673 parvo,
616 595 739 654 osculis
757 593 972 676 subglobosis
994 596 1180 676 profundis,

226 698 316 758 collo
339 695 555 776 longiusculo
579 709 720 776 angusto
745 711 778 759 et
799 697 1047 779 plano'utitun

280 866 337 937 18.
363 853 497 924 Taenia
523 843 707 924 difformis
732 861 776 927 R.
802 881 838 925 n.
860 878 914 949 sp.

329 1001 375 1061 In
401 998 514 1061 Contio
535 1021 654 1061 canoro
676 1001 807 1072 (versus
836 1001 942 1064 finem
963 999 1124 1064 intestini
1142 1016 1178 1066 te·

226 1100 317 1176 nnis)
338 1102 468 1181 aliquot
490 1100 674 1183 specimina
696 1103 790 1182 Majo
820 1124 938 1166 mense
959 1102 1119 1166 Berolini
1140 1126 1179 1168 rc·

205 1206 307 1284 peri,
331 1225 477 1283 quorum
500 1224 607 1265 unum
629 1203 664 1263 in
686 1204 844 1266 intestin'o
868 1205 1035 1282 liberum,
1058 1206 1179 1288 reliqua

225 1306 389 1366 intestinis
412 1307 542 1370 sortiter
571 1306 675 1368 infixa
697 1305 929 1387 deprehendi:
958 1322 1027 1370 tres
1064 1312 1106 1369 ad
1128 1329 1178 1371 ser

225 1406 367 1488 pollices
396 1410 513 1491 longa,
539 1406 676 1470 'summa
699 1407 878 1478 latitudine
910 1408 1038 1471 lineam
1063 1414 1125 1474 vix
1144 1426 1177 1473 at·
1210 1487 1212 1491 Α

225 1508 397 1591 tingentia
421 1510 570 1573 candida'.

338 1613 451 1694 Caput
486 1595 741 1694 subgloliosum,
771 1615 890 1676 osculis
926 1611 1052 1674 mediis
1077 1616 1176 1676 subor-

225 1712 428 1775 bicularibus
457 1715 636 1791 (diametro
661 1713 897 1797 longitudinali
929 1717 1111 1798 paulisper
1135 1737 1175 1777 cx·

226 1816 386 1897 cedente)
409 1816 616 1900 marginatis,
640 1813 852 1892 distantibus,
887 1821 1039 1899 magnis,
1065 1815 1173 1899 planis.

231 1910 359 1982 Collum
388 1920 538 1984 nullum.
594 1919 738 1982 Articuli
773 1919 957 1982 anteriores
995 1920 1172 1994 difformes,
1216 1934 1218 2001 j

226 2020 308 2081 rnox
330 2020 407 2095 h‘oc,
429 2042 514 2082 mox
535 2022 595 2084 illo
619 2018 910 2102 latere'irregulari
933 2024 1041 2082 modo
1062 2020 1173 2086 exstan-

225 2135 290 2195 tes3
312 2130 384 2182 turri
405 2125 527 2186 breves
547 2122 700 2206 plurimi,
729 2121 885 2202 marginis
907 2124 1032 2202 postici
1056 2122 1173 2206 angulis

225 2225 463 2286 obtusiusoulis
492 2226 783 2307 prominentibus3
820 2225 1083 2302 insequentibus
1114 2247 1173 2288 sen·
1216 2302 1218 2307 Ι

225 2329 287 2389 sim
311 2327 512 2406 tnajoribus;
549 2342 620 2387 tum
650 2328 771 2390 iterum
799 2326 901 2404 longa
930 2325 1020 2388 serie
1047 2328 1174 2412 aequali·

224 2432 304 2501 bus,
335 2428 513 2504 brevibus,
550 2430 700 2510 margine
722 2428 852 2508 postico
878 2428 1000 2488 obtuso
1030 2433 1174 2493 exstanti.

224 2537 304 2603 bus3
338 2535 476 2612 reliquis
498 2532 612 2614 paucis
636 2529 902 2612 angustioribus,
933 2550 1084 2610 quorum
1104 2555 1174 2594 non·

223 2638 310 2699 nulli
333 2637 530 2696 ultimorum
555 2638 625 2697 lere
646 2622 791 2705 inversi,
814 2646 851 2691 ut
873 2651 988 2711 margo
1013 2637 1174 2715 posterior

223 2741 390 2800 anteriore
417 2738 558 2799 brevior
588 2738 639 2799 sit.
687 2735 834 2798 Articuli
862 2738 1052 2799 anteriores
1082 2741 1173 2820 plani,

222 2840 423 2921 posteriores
443 2841 711 2917 convexinsculi,
735 2853 801 2900 tota
824 2839 1006 2919 superficie
1030 2840 1174 2922 punctati

222 2944 298 3023 visi,
322 2942 476 3023 undique
499 2946 625 3007 scilicet
649 2941 761 3004 ovulis
785 2941 889 3005 farcti.
1065 3004 1070 3013 ,

333 3047 411 3108 Obs.
434 3047 614 3107 Fnonmcn
637 3044 915 3123 (Naturl'orscher
936 3045 981 3106 St.
996 3063 1050 3122 29.
1073 3069 1106 3126 p.
1127 3057 1173 3122 83.

219 3171 255 3213 n.
278 3149 346 3227 48.)
369 3149 455 3209 hanc
475 3149 640 3230 speciem,
670 3147 706 3208 in
736 3147 903 3211 intestinis
932 3147 1052 3210 Cuculi
1074 3148 1173 3211 tenui·

217 3255 281 3313 bus
302 3236 479 3333 repertam,
503 3253 565 3311 sub
588 3249 728 3311 nomine
755 3253 892 3311 Tceniac
914 3249 1110 3317 hreuicollis
1128 3252 1173 3312 de-

218 3354 361 3436 scripsit,
400 3367 433 3416 et
460 3368 605 3413 rostrum
634 3352 786 3432 ejusdem
816 3351 1062 3414 brevissimum
1086 3357 1173 3414 obtu-

218 3475 291 3515 sum
315 3471 348 3518 et
369 3455 533 3517 mutinum
554 3454 684 3531 retulit,
716 3455 816 3535 quale
838 3452 912 3533 ipse
939 3452 1088 3533 quidem
1108 3477 1174 3518 non

218 3557 303 3632 vidi,
327 3557 474 3639 ideoque
498 3579 583 3620 vero
607 3577 679 3618 non
699 3578 872 3647 negarem.

274 3732 329 3803 ¹9·
357 3717 491 3785 Taenia
517 3732 704 3812 angustata
731 3720 774 3786 R.
801 3741 837 3785 n.
862 3739 917 3809 sp.

323 3857 408 3928 Am.
436 3864 599 3926 Bransra
632 3859 817 3958 specimina
846 3863 915 3926 duo
947 3861 986 3927 in
1013 3858 1175 3933 intestinis
