2452 4478
380 206 670 345 --ssini

44 433 120 495 cula
144 427 248 491 fellea
270 439 326 488 aut
348 423 461 507 potius
484 425 589 485 ductu
619 417 744 503 eystico
774 419 926 505 quinque
945 421 1008 487 hu·

43 529 411 616 jusmoditDistomata
446 527 784 607 offendit‚.quoru1n
813 548 879 587 ova
902 538 1009 586 matu·

46 635 139 700 riora
162 633 319 705 uolotem
340 644 476 698 eatenus
496 640 729 702 mutaverant,
758 642 797 689 ut
816 647 940 707 eorpus
963 627 1007 690 al·

47 743 136 805 bum
160 735 269 798 lituris
291 731 387 793 flavis
413 745 446 792 et
469 730 714 791 rufescentibus
736 727 864 809 pictum
888 743 987 796 esset.

158 838 239 902 Obs,
274 851 300 897 1.
330 833 401 895 Gel-
431 833 553 892 GAEDE
583 829 619 891 in
649 833 764 892 Ranae
792 835 1008 912 temporariae

50 941 165 1022 (cuju-s
190 936 357 1009 vesiculae
370 932 527 994 Distoma
545 936 652 995 inerat
674 951 774 1013 supra
791 933 1009 1013 descriptum)

51 1045 177 1126 hepate
199 1037 376 1123 hydatides
400 1037 529 1115 aliquot
553 1036 738 1116 sphaericae
760 1034 896 1117 reperit,
916 1034 1009 1110 illius¹

51 1145 198 1229 margini
219 1156 316 1204 acuto
338 1136 458 1218 partim
481 1139 665 1210 immersas,
689 1125 810 1217 partim
833 1140 1008 1219 prominu-

54 1249 120 1322 las,
151 1246 327 1309 arenulam
349 1240 552 1315 referentes,
576 1241 699 1300 lineam
723 1237 901 1307 dimidiam
920 1239 1009 1301 circi·

56 1363 111 1411 ter
133 1348 295 1409 diametro
319 1357 505 1421 aequantes,
532 1359 613 1421 quas
631 1340 743 1419 hepati
767 1341 875 1402 adhuc
897 1340 1012 1404 inhae-

55 1461 170 1514 rentes
194 1468 328 1508 meeum
351 1442 625 1533 communicavit.

148 1531 153 1537 ’
167 1547 399 1631 Hydatidibus
423 1547 564 1627 singulis
587 1544 740 1606 Distoma
754 1543 863 1609 inerat
876 1545 1012 1623 vivum,

59 1651 410 1722 maxime‘mutabile3
434 1648 500 1709 illis
523 1648 645 1728 apertis
670 1650 781 1733 tunica
803 1648 876 1719 sive
899 1652 1013 1711 vesica

62 1771 204 1843 externa
235 1741 378 1813 detracta
400 1749 472 1824 fuit,
497 1771 564 1830 quo
589 1751 675 1810 facto
703 1749 941 1816 animalculum
964 1765 1013 1811 tu·
1055 1747 1059 1761 '

61 1859 138 1920 nica
175 1855 307 1915 interna
347 1850 519 1911 inclusum
553 1837 661 1912 multo
697 1855 817 1913 melius
853 1852 944 1914 visui
978 1871 1015 1914 se

62 1944 229 2042 praebuit.
271 1941 411 2014 interna
434 1954 563 2025 tunica,
587 1953 666 2016 lieet
688 1974 846 2016 vermem
867 1945 1015 2015 liberum

65 2060 273 2129 contineret,
308 2052 437 2114 detrahi
461 2074 531 2112 non
555 2043 680 2134 potuit,
714 2073 752 2116 ut
775 2055 944 2116 materiam
966 2054 1014 2115 in-

63 2175 194 2225 ternam
216 2157 286 2217 fere
308 2172 369 2235 pro
391 2155 569 2231 ,albumiue
594 2156 770 2234 haberem,
805 2157 869 2218 nisi
902 2159 1018 2218 forsan

65 2266 110 2325 ob
127 2258 349 2346 exiguitatem
374 2274 441 2318 tota
464 2258 535 2338 capi
557 2280 627 2318 non
649 2259 758 2340 potuit
784 2260 895 2320 tunica
916 2259 1017 2321 inter-

44 2386 131 2444 na,
177 2375 234 2423 aut
253 2358 406 2440 plurimis
428 2372 556 2419 constat
588 2360 711 2433 stratis;
745 2361 897 2442 plurimis
920 2362 1017 2425 euim

67 2464 248 2528 moleculis
272 2459 399 2523 cultelli
421 2460 603 2521 acutissimi
621 2483 687 2544 ope
718 2461 855 2543 ablatiS,
889 2480 1020 2548 sempet

28 2592 30 2595 ·
68 2566 197 2648 aliquid
220 2567 369 2626 restabat.
627 2558 632 2579 ⁴

176 2666 334 2728 Distoma
356 2663 637 2747 polymorphu'm,
674 2658 850 2743 vividum,
888 2667 1021 2750 agilissi-

69 2783 184 2845 mum,
208 2768 455 2852 crystallinum,
485 2767 703 2845 subeuntum,
732 2768 823 2848 poris
845 2774 1038 2853 subglobor

69 2874 128 2948 sis,
163 2871 273 2932 antico
309 2867 450 2948 majore,
487 2867 580 2946 quod
613 2889 675 2950 pro
710 2869 801 2932 illius
839 2893 937 2953 supra
967 2876 1021 2937 du

69 2972 183 3057 scripti
204 2974 300 3055 prole
321 2972 492 3032 haberem.
534 2968 632 3030 Hora
646 2964 770 3050 ¹quinta
786 2973 950 3035 matutina
973 2995 1021 3038 re·

69 3089 224 3161 pertum,
248 3075 331 3135 hora
352 3068 530 3134 undecima
556 3084 589 3133 et
612 3073 692 3134 dein
714 3076 834 3136 iterum
857 3089 946 3138 sexta
971 3097 1025 3140 ve·

71 3179 261 3264 spertinaa
288 3193 343 3238 me
376 3175 611 3247 observatum,
644 3185 757 3238 mutus
787 3179 887 3241 edere
921 3179 1023 3242 conti·

70 3280 204 3346 nuavit.
275 3351 279 3359 ¹
957 3291 963 3300 '

185 3380 266 3445 obs.
289 3397 319 3444 2.
342 3384 459 3443 Ran‘ae
480 3379 677 3455 esculentae,
706 3380 812 3462 vcr'rjus
834 3383 1026 3448 Distomata

72 3504 174 3568 supra
196 3486 324 3559 notavi,
347 3483 524 3566 hydatldes
540 3483 662 3562 pariter
675 3485 811 3556 aderant
828 3500 863 3548 et
886 3487 1026 3567 quidem

73 3583 280 3661 mesent'erii,
304 3587 479 3668 plurimae,
500 3585 659 3646 arenulae
683 3585 932 3667 magnitudine,
962 3590 1029 3652 sin·

73 3693 175 3775 gulae
198 3687 291 3750 idem
312 3687 468 3749 Distoma
495 3687 679 3768 parvulum
706 3689 863 3752 foventes
885 3689 1031 3756 vividis.

77 3792 214 3860 simum.
732 3812 735 3817 ’

148 3945 152 3953 .
194 3893 275 3969 obs.
296 3908 328 3978 3.
357 3892 462 3962 Junto
489 3895 692 3987 insequente
724 3892 870 3980 optuuus
903 3901 1032 3971 Gaea:
1088 3981 1090 3986 Ι
