2452 4478
498 239 783 335 ...δρῦς-ἱ

150 402 213 479 tes,
228 398 300 466 t‘um
324 402 559 487 cyathiiirrmes
580 403 731 490 margine
745 403 876 492 postico
898 404 1053 495 undique
1073 411 1114 477 li-

149 507 233 569 bere
257 520 408 570 exstante
432 520 465 571 et
488 509 699 592 insequentis
728 512 856 574 articuli
879 530 1010 594 partem
1032 515 1112 580 anti·

149 624 226 671 eam
248 607 417 690 cingente,
442 608 500 690 qui
523 609 574 674 illi
589 612 694 694 ‘quasi
714 612 887 677 immissus
910 632 970 682 est.

259 711 411 772 Unicum
435 714 621 792 specimen,
645 735 758 796 neque
781 737 957 799 magnum,
988 737 1031 783 eo
1055 720 1113 786 dee

101 838 104 845 ¹
145 809 263 889 flectit,
288 814 384 893 quoii
405 811 536 876 articuli
556 814 728 900 longiores
751 817 1010 884 mediofortit'er
1032 842 1110 885 con·

145 916 252 978 stricti
281 919 357 992 sint.
420 912 596 1002 Quaedam
632 918 816 1002 specimina
853 920 957 986 valde
990 939 1109 998 crassa,

141 1019 214 1083 'sed
233 1017 360 1081 nullius
384 1041 448 1082 ova
470 1020 616 1084 exhibita
640 1010 729 1088 sunt.

257 1123 296 1183 Β.
321 1121 527 1203 specimina,
556 1143 643 1205 quae
670 1124 864 1189 Naanannn
885 1125 923 1188 in
944 1122 1111 1192 intestinis

144 1224 355 1307 leundz'nis
375 1226 535 1305 rupestris
557 1228 593 1287 in
616 1224 784 1306 Hispania
805 1231 941 1312 reperit,
964 1233 1112 1315 singula·

140 1326 216 1402 ria,
250 1347 362 1407 neque
397 1339 509 1390 tamen
544 1327 644 1409 hujus
667 1326 803 1410 generis
839 1333 950 1409 unica,
993 1335 1110 1400 Valde

140 1443 318 1492 contracta
341 1427 467 1491 scilicet
489 1442 523 1491 et
543 1428 770 1512 triangularis,
789 1444 828 1493 ut
846 1430 1017 1515 specimen
1042 1449 1108 1500 tres

138 1552 232 1595 cum
255 1529 393 1593 dimidia
416 1529 523 1592 lineas
546 1533 707 1614 longum,
733 1531 844 1596 antice
866 1536 1107 1613 acutissimum,

137 1632 277 1718 postice
303 1629 544 1712 sesquilineam
564 1635 670 1696 latum
687 1631 740 1696 sit.
780 1637 890 1717 Caput
911 1634 985 1700 non
999 1657 1108 1701 exser-

136 1749 231 1799 tum.
273 1731 422 1798 Articuli
448 1753 567 1798 omnes
591 1733 795 1811 brevissimi.

199 1910 260 1985 92.
287 1897 424 1967 Taenia
436 1892 692 1990 campanulata
701 1899 746 1965 R.
760 1917 798 1968 n.
816 1919 873 1989 sp..
897 1866 999 1971 i’ons
1016 1901 1124 1990 Sym·
1149 1853 1151 1860 Ι

194 2076 199 2085 .
297 2036 376 2109 ops.
401 2039 440 2088 n.
467 2029 529 2102 52·

191 2137 238 2209 T.
260 2143 366 2226 capite
396 2142 643 2219 subrhombeo,
676 2133 817 2206 rostello
845 2143 985 2220 obtuso,
1015 2145 1107 2215 collo

232 2244 343 2326 brevi,
383 2244 527 2310 articulis
552 2243 670 2308 enticis
704 2241 926 2325 brevissimis,
964 2243 1106 2337 reliquis

234 2346 484 2429 campanulatis.

150 2493 154 2500 ·
187 2430 278 2510 Hah.
296 2451 337 2510 ln
366 2447 542 2516 intestinis*
556 2449 772 2532 Muscicapae-
790 2467 825 2510 n.
849 2458 921 2520 128.
936 2461 970 2514 et
981 2449 1106 2513 Maeci·

231 2572 334 2632 capae
354 2554 494 2616 audacis
521 2551 717 2614 Naurum
742 2552 780 2613 in
806 2547 949 2613 Brasilia
969 2549 1107 2632 reperit,

251 2649 300 2715 A.
323 2653 514 2735 Specimina
544 2651 582 2714 in
604 2654 799 2735 Muscicapa
825 2673 862 2717 n.
893 2663 966 2724 128,
989 2651 1103 2730 obvia,

136 2771 254 2818 unum
275 2755 408 2820 duosve
430 2756 572 2839 pollices
593 2755 707 2836 longa,
729 2752 979 2818 candidissima.

254 2851 361 2938 Caput
394 2856 677 2934 subrhombeum,
709 2857 828 2923 osculis
858 2855 1034 2920 interdum
1060 2856 1105 2920 ad

136 2960 248 3023 latera
276 2957 424 3022 maxime
451 2957 674 3040 prominulis,
721 2971 813 3040 parte
848 2957 961 3041 capitis
995 2959 1103 3022 antica

137 3079 227 3125 mox
248 3061 371 3144 magis,
407 3082 488 3123 mox
510 3060 624 3122 minus
645 3071 812 3142 protracta
832 3073 866 3124 et
886 3064 1017 3140 obtusa,
1048 3060 1101 3124 bis

137 3175 271 3247 partem
300 3178 443 3227 tenuem
470 3161 629 3244 exiguam
659 3175 854 3240 exserente,
882 3166 990 3228 semel
1018 3164 1103 3227 sora·

93 3284 228 3349 ‚fanen
249 3265 395 3328 anticum
425 3265 588 3328 exhibere
617 3263 708 3341 visa,
738 3277 851 3326 utrum
873 3269 1023 3347 rostello,
1057 3286 1102 3328 an
1128 3310 1133 3318 ·

103 3360 108 3369 ⁴
138 3362 245 3445 hujus
276 3370 368 3431 basii
416 3365 543 3432 Collum
576 3368 692 3429 breve.
741 3367 883 3430 Articuli
912 3361 1100 3432 anteriores

137 3467 345 3551 brevissimi,
365 3471 614 3553 rugaelormes3
645 3465 865 3548 insequentes
888 3469 1014 3547 sensim
1036 3491 1101 3532 ma·

135 3568 249 3652 iores,
287 3573 418 3656 angulis
457 3569 595 3655 posticis
633 3568 859 3646 exstantibus,
904 3570 1099 3654 sensimque

137 3659 353 3737 transeuntes
383 3673 421 3737 in
444 3672 714 3753 campanulatos,
746 3672 805 3752 qui
827 3672 1008 3737 maximam
1028 3697 1098 3758 par·

136 3786 212 3840 tem
234 3774 396 3843 efficiunt.
440 3773 567 3838 Ovaria
588 3775 647 3838 vel
668 3794 735 3837 ova
756 3776 855 3837 nullo
882 3778 919 3837 in
942 3776 1097 3862 specimi-

137 3897 187 3944 ne
209 3874 292 3941 vidi.
712 3885 716 3892 ·
