2452 4478
507 259 562 310 ·..·.·.
609 223 684 314 526
734 260 786 278 ··

171 391 341 478 longiores
363 390 490 468 forent,
513 387 737 481 campanulati
765 390 922 479 dicendi3
966 388 1053 457 dein
1072 391 1122 455 alii

89 566 92 577 ¹
169 492 375 577 marginibus
408 493 599 561 lateralibus
627 492 803 571 concavis,
835 492 972 575 angulis
995 494 1125 580 posticis

171 617 303 679 semper
334 593 451 666 acutis3
490 595 626 656 tandem
655 578 809 657 latissimi
834 595 1048 677 (speciminis
1068 616 1122 661 ses·

171 695 423 783 quipollicaris,
465 696 571 777 capite
605 696 782 776 destituti)
827 699 1121 781 subcampanulati,

169 800 376 883 marginibus
398 812 509 861 tamen
521 797 712 860 lateralibus
723 802 836 876 variis,
855 820 939 861 mox
951 806 1118 879 convexis,

170 927 252 967 mox
271 898 493 980 rectiusculis,
507 882 512 893 ¹
527 922 609 961 mox
631 905 804 976 concavis;
840 902 973 986 angulis
991 904 1118 988 posticis

172 1006 286 1071 acutis.

262 1145 307 1206 In
327 1138 438 1202 media
460 1138 677 1199 articulorum
692 1137 857 1218 majorum
878 1151 975 1221 parte
997 1143 1116 1203 macula

171 1267 274 1333 opaca
303 1241 527 1314 subnotanda,
558 1245 704 1303 ovorium
737 1240 901 1304 indicans.
952 1243 1116 1326 Margines

168 1352 270 1415 unius
291 1344 408 1411 lateris
416 1361 515 1423 saepe
536 1337 687 1428 foramen
699 1343 907 1406 tumidulum
923 1362 1115 1428 monstrant,

168 1476 211 1519 ex
235 1471 302 1533 quo
331 1443 456 1531 passim
476 1443 573 1506 filum
595 1458 708 1522 tenue,
727 1444 905 1508 flaccidum
927 1447 1033 1513 simul
1053 1470 1117 1533 pro

167 1556 304 1642 pendet.

191 1706 195 1713 ’
283 1664 365 1753 o'bs.
388 1679 517 1748 Taenia
539 1681 689 1765 obtusata
709 1670 978 1767 'vespertilionis
1000 1685 1117 1752 murini

168 1796 203 1858 n'.
225 1808 276 1873 59.
299 1789 385 1852 dicta
405 1782 445 1849 a'b
468 1784 528 1848 ista
560 1785 745 1866 valdopere
778 1768 905 1863 differt,
939 1789 1116 1873 forsanque

166 1895 298 1961 Taenia
317 1885 582 1974 Vespertilionis
622 1888 719 1951 auriti
747 1878 780 1954 ῃ.
800 1874 862 1971 ’94
884 1892 977 1955 inter
1006 1893 1115 1957 dubias

167 2008 361 2063 enumerata
395 1991 435 2055 ad
471 1991 662 2054 alterutram
689 1993 850 2075 pertinet,
881 1990 950 2055 nisi
973 1994 1115 2079 Vesper·

168 2099 366 2175 tilionibus,
424 2092 474 2155 uti
517 2092 669 2175 plurimis
704 2097 954 2170 mammalibus,
993 2096 1115 2161 Taenia

168 2220 234 2266 tarn
257 2196 408 2272 inermis,
433 2216 536 2276 quarn
557 2210 682 2260 armata
704 2214 768 2276 est,
792 2200 884 2279 quod
908 2213 1047 2282 tempus
1068 2202 1114 2262 do·

167 2304 264 2370 sebit.

138 2560 141 2568 μ
216 2476 279 2548 84.
306 2458 441 2531 Taenia
465 2457 700 2530 multistriata
725 2464 772 2531 R.

270 2609 469 2670 Bnnusnnus
490 2602 672 2684 specimina
693 2605 861 2664 nonnulla
882 2598 994 2683 misit,
1019 2600 1056 2667 in
1076 2601 1113 2667 in·

164 2710 292 2777 testinis
310 2708 461 2791 Colymbi
482 2710 602 2769 atinati
622 2720 763 2787 reperta,
788 2725 872 2786 quae
896 2725 978 2766 cum
1002 2706 1114 2772 descri-

164 2815 280 2898 ptione
302 2833 377 2875 mea
399 2811 534 2875 unilt.
547 2825 578 2872 Ω.
599 2821 723 2890 p.183.
744 2809 843 2886 noy.
856 2808 970 2870 oblata
993 2831 1040 2873 ex
1051 2829 1114 2874 asse

163 2914 386 2980 conveniunt.

191 3029 196 3041 '
267 3035 473 3098 Nrrzscnrus
497 3031 565 3092 duo
591 3024 775 3110 specimina
795 3023 977 3088 mandavit
1000 3029 1114 3094 eadem

162 3137 199 3199 in
218 3158 282 3200 ave
305 3136 465 3218 Augusto
489 3150 604 3193 mense
627 3143 771 3211 reperta,
810 3128 913 3190 valde
936 3146 1114 3204 contracta,

163 3261 205 3301 an
226 3240 340 3301 forsan
361 3239 445 3300 viva
466 3231 598 3318 spiritui
622 3230 696 3293 viui
719 3225 889 3292 immissa?
919 3230 1036 3296 Hisce
1059 3234 1115 3294 col·

159 3345 233 3403 lum
254 3342 409 3423 capillare
431 3337 568 3400 evanuit
606 3348 638 3398 et
667 3332 772 3396 antica
795 3349 868 3412 pars
894 3336 1116 3397 crassiuscula

160 3462 195 3508 et
216 3464 337 3528 rugosa
360 3453 510 3526 apparet3
533 3438 662 3520 reliqua
685 3456 746 3521 pro
771 3453 881 3497 more.

265 3579 395 3645 Taenia
417 3573 581 3659 capillatis
604 3597 638 3636 n.
662 3575 716 3650 46.
746 3570 811 3631 huc
831 3570 951 3633 forsan
976 3573 1117 3636 referen·

159 3683 212 3748 da.
257 3681 295 3744 A
317 3681 456 3762 reliquis
479 3674 738 3754 distinctissima‚
760 3670 862 3736 etiam
876 3677 920 3736 ab
935 3677 1117 3761 insequen.

159 3798 203 3865 te,
226 3804 326 3865 quam
348 3783 513 3851 conferas.
