2452 4478
548 249 831 325 &6205-

220 400 338 475 licatla
367 393 514 466 articulis
545 396 785 489 irregularibus
815 401 971 471 ludentia
1004 424 1173 490 perperam

219 506 289 583 bue
308 506 422 572 refert.

272 663 336 771 65.
362 663 499 749 Taenia
523 664 660 756 stylosa
685 668 731 749 R.

327 813 372 879 In
397 813 555 894 Catalogo
580 806 779 873 Viennensi
802 811 889 892 typis
911 813 1078 894 impresso
1099 811 1171 879 haec

224 934 303 983 eum
326 913 466 976 Taeniis
486 915 650 975 undulata
673 933 709 975 n.
733 922 785 987 33.
806 928 841 975 et
852 916 1055 994 serpentulo
1075 935 1110 976 n.
1127 925 1170 996 89.

224 1015 457 1098 conjungitur,
480 1017 553 1096 ipse
575 1028 688 1075 tamen
713 1013 869 1076 examine
891 1015 1040 1096 repetito
1063 1037 1170 1080 omnes

180 1116 185 1123 ’
226 1132 291 1190 tres
309 1116 569 1181 distinctissimas
591 1115 720 1188 habeo;
744 1116 831 1179 hanc
847 1116 1018 1191 inermen,
1040 1118 1115 1181 illas
1133 1139 1168 1179 at·

227 1233 331 1299 matas
354 1219 505 1302 quidem,
528 1217 589 1295 sed
611 1219 702 1283 collo
728 1235 762 1301 et
783 1216 928 1295 articulis
948 1218 1111 1302 diversas.

253 1377 339 1449 .66.
365 1378 501 1449 Taenia
527 1376 730 1473 oligotoma
754 1384 935 1450 Nrrzscn.
960 1400 998 1446 n.
1026 1401 1081 1471 sp.

333 1524 517 1603 Taenioias
540 1515 683 1603 quatuor
709 1526 745 1587 in
766 1520 932 1600 intestinis
962 1525 1103 1603 &eruar
1117 1523 1170 1619 fis·

229 1627 356 1709 ⁴sipedis
376 1626 481 1686 Junio
504 1638 648 1705 repertas
672 1647 737 1705 am.
757 1625 910 1701 anscn
931 1621 1042 1707 misit,
1064 1624 1172 1709 sesqui·

230 1726 356 1811 lineam
377 1725 420 1804 ad
442 1725 523 1802 duas
545 1727 652 1787 lineas
674 1730 808 1810 longas,
831 1725 940 1799 antico
961 1730 1171 1819 angustiores,

231 1826 361 1914 postico
382 1823 535 1908 quartam
554 1825 665 1907 lineae
685 1843 815 1912 partem
832 1828 924 1909 latas,

241 1927 244 1932 ’
341 1930 448 2012 Caput
477 1929 736 2013 subglobosum,
763 1931 1038 2011 crassiusculum,
1067 1929 1173 1997 discre-

232 2047 322 2115 tum3
360 2032 480 2107 osculis
510 2029 750 2115 oibioularibus
777 2029 909 2113 magnis
930 2031 1022 2114 illud
1044 2035 1117 2097 fere
1136 2052 1173 2111 to·
1214 2068 1216 2109 ;

233 2151 307 2207 tum
334 2136 398 2212 sibi
427 2131 692 2212 vindicantibus,
721 2154 789 2219 quo
817 2133 931 2195 media
953 2133 1072 2216 capitis
1094 2151 1175 2219 parte
1214 2116 1216 2133 Ι

234 2239 306 2300 fere
329 2256 364 2298 se
388 2232 564 2315 attingant3
591 2234 869 2314 luscescentibus‚
898 2235 1034 2319 reliquo
1064 2238 1176 2320 horum

235 2337 458 2420 speciminum
480 2336 594 2397 colore
619 2335 744 2413 albido.
786 2338 965 2399 Rostellum
984 2341 1093 2420 breue
1117 2343 1177 2401 sub-

234 2441 427 2524 globosum,
450 2437 614 2521 apophysi
636 2441 733 2517 brevi
754 2436 921 2517 insidens,
953 2443 1115 2523 omnibus
1136 2464 1177 2505 ex·

235 2555 372 2621 sertum.
416 2537 535 2602 cottum
558 2536 805 2617 breuissimum,
829 2541 966 2621 articulo
992 2543 1106 2625 primo
1121 2565 1178 2626 mg.

234 2643 305 2725 jus,
336 2639 443 2723 capite
477 2642 587 2718 latius,
644 2643 786 2720 Articuli
813 2643 939 2720 priores
971 2663 1035 2708 sex
1066 2662 1179 2709 octove

235 2730 440 2829 brevissimi5
473 2760 544 2804 tum
570 2739 699 2806 sensim
723 2740 911 2826 longiores,
934 2747 1118 2826 latitudIne
1144 2767 1180 2812 ta-

236 2867 319 2927 men
341 2845 589 2928 longitudinem
618 2844 793 2926 aliquoties
821 2862 1018 2933 superante3
1054 2830 1183 2918 tandem

235 2947 380 3028 majores
402 2967 460 3009 sex
483 2962 606 3011 octove
629 2945 769 3008 diversis
783 2946 1029 3027 speciminibus
1053 2956 1182 3036 diversi,

238 3063 297 3127 aut
316 3047 482 3130 prioribus
510 3071 603 3113 mere
631 3048 787 3128 majores,
832 3061 889 3125 aut
919 3055 1136 3138 angustiores
1156 3072 1183 3120 et

239 3151 310 3213 fere
333 3149 570 3232 campanulati,
585 3165 642 3231 aut
656 3147 835 3228 rotundati.¹

346 3253 516 3332 Nonnulli
538 3267 625 3315 certe
647 3253 791 3335 articuli,
814 3251 927 3332 forsan
949 3254 1117 3343 elongati,
1139 3262 1185 3322 de.

240 3353 366 3428 ficiunt,
387 3356 514 3434 species
537 3369 648 3431 tamen
671 3352 823 3426 distincta
845 3352 997 3436 videtur,
1054 3348 1058 3354 ’

291 3507 352 3600 67.
378 3511 515 3583 Taenia
539 3511 732 3607 flagellum
759 3516 898 3579 Gonzu.

324 3656 369 3729 ln
383 3658 541 3738 Catalogo
551 3642 746 3720 Viennensi
769 3656 852 3717 haec
877 3655 917 3716 ad
934 3658 977 3722 T.
993 3664 1187 3743 globiferam

241 3774 275 3812 n.
285 3766 337 3830 53.
348 3754 424 3833 jure
446 3760 548 3820 relata
563 3760 708 3830 videtur,
726 3757 855 3822 ibidem
869 3774 982 3821 autem
997 3785 1077 3827 cum
1099 3764 1188 3847 pluri·

240 3875 373 3932 morum
396 3859 533 3936 'quidem
562 3861 770 3937 Falconum,
797 3882 914 3944 neque
947 3879 1068 3929 tamen
1094 3867 1187 3945 Mitti
