2408 4478
546 249 827 331 ιιι-389·-

207 406 304 499 fanis
324 402 447 468 viridis
466 398 620 467 Berolini
646 400 667 465 J
670 398 740 461 ulio
765 420 932 484 magnum
958 400 1177 485 speciminum

210 527 396 575 numerum
422 506 546 587 reperit
569 520 760 569 etinctum
783 506 1079 573 communicavit.

319 606 411 671 Viva
435 608 581 679 mitella,
613 622 745 667 mortua
776 607 869 685 alba,
905 605 1029 669 lituris
1058 607 1175 689 posticis

213 709 490 782 flavescentibus;
512 706 727 792 longitudine
750 706 884 775 lineam
906 729 995 773 raro
1023 708 1174 775 tantillum

213 810 417 884 excedentia,
441 810 550 872 media
572 824 663 893 parte
684 810 756 873 fere
780 808 973 873 dimidiam
995 812 1077 877 lata.
1103 811 1174 875 Ova.

214 912 424 997 tnelliptica,
447 913 656 979 extremitate
691 911 796 973 antica
821 912 1054 993 angustiore,
1090 914 1172 977 dorso

215 1035 386 1089 convexo,
411 1031 528 1077 ventre
550 1017 664 1101 plano.
710 1016 809 1080 Poris
834 1012 1097 1083 orbiculuibus
1116 1018 1171 1077 tui>

215 1120 363 1190 remotis,
388 1115 531 1178 ventrali
553 1118 657 1197 duplo
682 1119 828 1179 minore.

325 1217 385 1281 Ad
410 1217 495 1278 latus
515 1217 687 1283 sinistrum
711 1215 871 1283 ventralis
890 1216 977 1301 pori
1002 1223 1106 1285 cirrus
1122 1216 1167 1281 sin·

218 1320 359 1409 gularis,
389 1320 525 1399 qualem
547 1341 722 1401 nunquam
752 1320 841 1395 vidi,
878 1323 1026 1389 strictus
1056 1320 1165 1394 scilicet.
1203 1353 1204 1358 ¹

218 1428 335 1489 clavae
362 1420 466 1483 instar
492 1422 632 1485 alatere
661 1422 738 1509 pori
775 1422 817 1485 ad
840 1422 1048 1505 maiginem
1069 1420 1165 1487 venuit

219 1526 359 1607 oblique
387 1540 575 1584 antrorsutn
605 1527 743 1601 ductus,
769 1538 801 1592 et
828 1522 993 1607 capitulo'
1021 1528 1163 1611 perforato

175 1654 178 1659 ·
218 1630 312 1695 hunc
334 1626 514 1691 excedens.
561 1626 690 1691 Venne
706 1641 819 1708 aperto
843 1628 1048 1693 ovulorum
1072 1628 1163 1719 eliipti·

221 1752 337 1797 cotum
361 1727 458 1809 copia
481 1726 659 1793 innumera
680 1730 781 1793 eflusa
806 1744 874 1805 est,
903 1731 1162 1799 insimulantes

221 1832 402 1903 oviductus
422 1831 545 1910 longus
575 1831 650 1894 ovis
679 1823 798 1897 farctus
816 1832 853 1895 in
877 1851 1162 1921 conspectumvt·

221 1935 288 2007 nit,
318 1936 353 1997 in
379 1931 501 1995 cirrum
523 1931 620 1995 ilium
642 1935 817 2015 transiens;
860 1948 898 1996 ut
924 1952 1115 2021 utrumque
1131 1952 1162 1997 tt

220 2040 419 2107 hacrentem
445 2030 516 2094 vini
540 2034 668 2115 spiritui
699 2035 914 2113 immiserim‚
943 2060 1041 2123 quae
1070 2058 1162 2121 sepsit

223 2141 270 2207 tio
294 2143 328 2199 in
357 2136 429 2199 aliis
453 2135 694 2198 Distotnatibus
722 2159 791 2200 non
816 2141 997 2206 tuccessit.
1045 2144 1162 2205 Plurint

223 2260 397 2329 praeterea
420 2242 570 2318 corporis
588 2260 662 2321 pars
687 2243 761 2302 ovis
783 2242 898 2315 farcta,
925 2243 1063 2323 passim
1085 2260 1163 2307 tamen

223 2343 377 2409 matulae
404 2338 593 2423 sphaericae
623 2340 751 2423 postice
780 2356 856 2404 cum
884 2342 1114 2433 pviductibus
1133 2346 1164 2406 oi

224 2456 415 2513 servantur.

335 2544 412 2607 Obs.
440 2560 467 2608 1.
501 2542 638 2608 Dubius
661 2546 769 2634 primo
794 2544 906 2609 'factus
943 2565 1043 2625 sum,
1068 2571 1107 2611 an
1124 2566 1166 2610 tor·

224 2666 289 2735 pus
311 2647 395 2711 iliud
416 2669 577 2730 magnum
601 2650 825 2713 clavaeforme
856 2646 973 2713 cirrus
999 2666 1117 2717 utrum
1134 2648 1167 2711 ht

226 2751 283 2835 jus
308 2752 399 2814 theca
424 2753 483 2813 vel
507 2752 628 2833 vagina
649 2750 700 2825 sit,
724 2752 783 2814 sed
805 2748 841 2810 in
863 2750 1041 2817 omnibus
1063 2749 1168 2835 reliquit

225 2850 472 2916 Distotnatibus
496 2853 600 2915 cirrus
621 2852 734 2912 nudus
757 2864 815 2916 est.

337 2955 419 3019 Obs.
460 2976 488 3022 2.
530 2959 608 3019 Hoc
640 2954 759 3035 procul
796 2953 903 3018 dubio
946 2970 1002 3022 est
1034 2958 1170 3033 Distottt

228 3060 322 3140 quod
353 3059 535 3125 Faomcu
560 3056 707 3139 (Naturf.
735 3058 780 3121 St.
806 3073 858 3135 25.
895 3079 935 3139 p.
971 3061 1032 3139 69.
1061 3066 1171 3137 Tan}

227 3160 292 3240 fig
329 3177 356 3236 7.
380 3174 408 3229 8.
438 3161 585 3227 Fasciola
604 3144 737 3236 Ranae)
766 3158 870 3225 Iunio
892 3180 1027 3227 mense
1051 3164 1090 3228 in
1108 3168 1171 3227 itm

230 3263 437 3344 temporaria
470 3265 606 3340 detexit,
644 3266 804 3345 quodque
832 3260 869 3322 in
898 3265 1075 3344 plurimis
1100 3270 1173 3330 Bam

231 3365 313 3429 chiis
338 3370 479 3429 obvium
504 3369 679 3449 Catalogus
700 3362 917 3430 Viennensis
953 3368 1050 3453 typis
1073 3370 1173 3453 impis

232 3486 288 3530 sus
312 3470 464 3538 restituit,
489 3471 658 3550 cumipse
686 3491 758 3534 non
783 3466 912 3545 visum,
940 3472 1098 3535 ansno
1113 3486 1173 3559 pne·

233 3584 346 3643 eunte,
370 3593 446 3635 cum
471 3573 739 3655 Ampitistomate
761 3571 968 3637 subclavato
992 3576 1090 3648 (Eut.
1108 3576 1174 3639 IL1·

232 3688 267 3751 P·
307 3677 382 3747 itti)
417 3698 592 3757 perperam
625 3671 892 3758 conjunxissent.
968 3678 1174 3747 Fnomcmt

234 3783 384 3833 ceterum
409 3776 530 3841 cirrum
563 3781 722 3841 latentem
746 3788 802 3838 aut
830 3775 1017 3843 tantillum
1043 3786 1174 3846 exserta!

233 3884 367 3945 tantum
387 3876 483 3962 vidit,
505 3881 748 3966 speciminibus
769 3880 889 3944 forsan
900 3882 1029 3951 minus
1054 3872 1175 3953 evolutis·
