2452 4478
551 205 836 299 ...690-

320 372 513 460 specimina
539 389 600 438 sex
628 371 671 434 ad
700 392 835 437 novem
856 371 1018 456 'pollices
1043 382 1079 438 et
1100 375 1182 455 quod
1219 378 1221 419 ³

212 479 360 547 excurrit
382 480 494 560 longa,
517 497 597 537 nam
619 474 816 558 fragmentis
841 477 1057 548 computatis
1081 477 1183 540 forsan
1219 510 1221 519 ·

212 582 383 665 longiora.
433 579 548 660 Caput
574 575 797 653 obconitum,
827 577 953 642 osculis
985 576 1109 642 anticio
1128 601 1183 643 ma·

210 682 367 767 jusculis,
390 694 506 745 exacte
526 678 570 740 T.
591 670 822 758 omphalodis,
838 690 952 760 'quam
975 681 1140 748 Mantiss.
1155 703 1184 764 p.

211 798 291 865 ¹491.
314 780 487 865 descripsi,
502 780 570 844 ‘sed
591 780 699 840 multo
716 782 843 856 minus,
866 782 968 845 unde
990 804 1126 849 nomen
1141 782 1184 847 tri·

214 891 306 954 viale
332 884 494 949 desumsi.
540 881 665 944 Collum
684 883 838 978 ³longum
858 896 994 955 tenue.
1050 889 1184 950 ¹Articuli

215 995 347 1076 priores
370 974 618 1069 rugaelo'rmes,
643 983 770 1046 sensim
790 983 965 1066 majores,
989 1003 1132 1072 semper
1148 1004 1181 1050 ta-

215 1114 299 1156 men
317 1080 546 1183 longitudinis
565 1079 703 1150 ‘ratione
726 1085 839 1150 habita
865 1080 1025 1168 breves,
1061 1090 1180 1176 angulis

217 1183 366 1265 obtusis}
391 1188 602 1270 posteriores
625 1180 752 1269 'passim
767 1182 1005 1270 irregularem
1029 1194 1100 1259 sed
1120 1196 1180 1257 bre·

216 1313 293 1362 ves.
334 1295 420 1357 Uva
442 1291 660 1371 subglobosa,
683 1289 881 1354 mediocria.

329 1394 411 1459 vs..
430 1392 691 1475 'Omphalodem
713 1390 869 1474 dixerim,
883 1386 962 1456 nisi
982 1410 1092 1480 'caput
1112 1392 1179 1460 mul·

218 1511 255 1561 to
277 1491 402 1570 minus,
426 1514 494 1560 ova
516 1488 645 1577 majora
655 1491 786 1568 forent}
801 1485 894 1558 'haec
914 1495 1042 1562 forsan
1063 1499 1177 1564 in'On·

219 1598 371 1683 phalode
400 1615 551 1662 erescere
583 1612 688 1680 ,posse
707 1596 962 1678 nontenderes,
999 1602 1072 1666 ’aed
1093 1616 1178 1686 rapu

219 1719 294 1764 non
316 1696 505 1783 augebitur.

272 1870 337 1947 88.
360 1843 497 1930 Taenia
522 1852 682 1930 cruciato
704 1849 753 1928 R.
793 1880 834 1930 n.
863 1878 918 1952 sp.
966 1852 1085 1934 Pone
1104 1862 1177 1954 su·

364 1990 449 2071 opt.
469 1988 512 2048 n.
540 1989 599 2043 10.

266 2104 312 2172 T.
334 2096 444 2188 capite
465 2102 557 2165 linea
576 2100 724 2195 ‘cruciata
747 2100 871 2181 diviso,
887 2109 994 2172 ‘collo
1017 2107 1129 2189 nullo,
1145 2127 1177 2174 at·

309 2207 419 2272 tioulis
443 2197 666 2268 anterioribus
688 2203 861 2283 brevibus,
884 2209 1036 2292 reliquis
1062 2211 1176 2278 monili.

306 2303 512 2375 tiformibus.

265 2414 357 2477 Has.
374 2415 419 2474 In
441 2406 608 2473 intestinis
626 2402 704 2475 Pici
717 2404 837 2474 'lineari
847 2410 1057 2480 Narrarurn
1070 2414 1110 2482 'in
1120 2418 1175 2480 Bra·

307 2513 382 2578 silia
400 2512 536 2595 reperit.

327 2614 525 2700 ‘Specimina
546 2614 673 2695 majora
695 2635 826 2679 novem
843 2617 885 2676 ad
907 2621 1125 2699 quindecim,
1137 2612 1177 2682 ni·

220 2743 308 2789 nora
329 2735 363 2784 et
377 2719 511 2783 ‘tenella
533 2738 638 2780 unam
660 2717 702 2777 ad
726 2737 784 2781 sex
806 2718 914 2782 lineas
938 2722 1064 2807 longa.

332 2820 447 2904 (lapus
469 2823 510 2882 ab
533 2820 641 2881 antica
658 2831 756 2902 'parte
782 2834 974 2902 spectatum
1007 2827 1106 2892 linea
1123 2843 1177 2888 cru·

223 2922 311 2989 tiata
329 2923 492 3003 divisum,
531 2923 643 2986 oscula
674 2939 796 3005 magna
819 2925 1021 3007 angularia,
1062 2931 1178 2991 nullum

219 3048 309 3095 vero
331 3023 662 3091 rostellum'obtulit.
705 3021 858 3087 Alatere
882 3043 1082 3108 spectatum
1101 3040 1178 3113 caput

218 3126 397 3192 interdum
418 3142 652 3192 transversum
673 3138 716 3189 ·et
745 3125 948 3209 irregulare,
988 3134 1179 3214 plerumque

218 3232 332 3294 latum
353 3232 461 3292 breve
483 3244 517 3292 et
539 3227 784 3311 emarginatum
801 3227 1002 3295 'exhibitum
1022 3251 1092 3299 est.
1128 3234 1179 3299 eot-

219 3336 287 3399 lum
308 3334 460 3408 nullum,
489 3334 662 3395 minorum
692 3338 812 3395 ‘tamen
840 3331 978 3396 articuli
1009 3338 1179 3403 anteriores

221 3434 450 3520 angustissimi
473 3436 555 3499 rolli
573 3435 732 3519 ‘speciem
753 3433 904 3497 reddunt
926 3437 1067 3509 falsam.
1109 3439 1180 3504 Arti-

220 3540 290 3601 culi
310 3538 440 3621 priores
463 3537 657 3601 brevissimi
682 3536 828 3618 satisque
850 3538 960 3621 longa
976 3542 1074 3607 serie
1091 3537 1180 3604 ¹simul

218 3659 441 3723 summopere
463 3643 641 3724 contracti,
677 3663 746 3725 quo
770 3642 900 3702 vermis
927 3644 1043 3709 'valde
1069 3657 1179 3709 ‘crassus

219 3740 271 3804 fit.
313 3746 542 3825 Insequentes
572 3744 676 3827 varii,
708 3740 812 3827 magis
844 3744 1038 3829 magisque
1067 3737 1180 3812 evoluti
1224 3812 1226 3818 A

219 3840 303 3931 laxi,
322 3845 401 3931 plus
422 3848 537 3921 minus
559 3848 821 3920 monuifonnes.
848 3845 1101 3923 Articulorum
1119 3859 1178 3933 pau
