2408 4478
450 257 812 357 '-226-

184 476 317 551 partos,
360 475 437 520 cum
468 448 536 514 illis
575 452 719 535 Leporis
755 451 872 516 timidi·
903 468 1052 532 prossus
1087 462 1157 517 eon·

189 566 379 635 venientes.

301 661 453 725 Gertitale
467 657 642 720 masculum
654 652 815 738 vaginam
836 654 1082 740 longissimam
1103 655 1159 723 fili·

190 771 338 834 formem
361 761 456 845 apice
480 773 670 822 truncatam
692 761 795 837 sistit,
825 779 867 824 ex
890 779 962 840 quo
987 759 1070 844 styli
1091 779 1158 845 pars

191 866 396 937 brevissima
423 861 576 944 emergit,
597 875 635 922 ut
647 857 746 923 initio
765 860 1157 943 hanc'praetervidendo

193 970 353 1056 vaginam
375 988 438 1049 pro
462 967 548 1047 stylo
572 964 758 1040 habuerim,
781 965 844 1028 sed
858 967 983 1029 iterato
1007 964 1159 1031 examine

194 1096 269 1142 rem
291 1072 417 1136 melius
441 1064 605 1149 cognovi,
942 1136 946 1143 Ι
1141 1122 1144 1127 ,

302 1158 504 1236 Burmannus
540 1166 715 1250 specimen
761 1167 957 1235 femineum
996 1168 1098 1237 dedit
1128 1166 1161 1251 in,

196 1277 407 1358 Arctcmydis
422 1271 531 1333 cicini
551 1290 655 1339 caeco
678 1271 814 1347 lectum,
836 1273 953 1341 decem
970 1270 1087 1337 lineas
1097 1274 1162 1337 lon·

90 1418 95 1432 .
197 1402 288 1468 gum,
335 1396 477 1457 quarum
499 1385 627 1453 septem
652 1373 753 1455 partis
776 1372 943 1454 capillaria
966 1390 1063 1449 sunt,
1105 1374 1162 1437 fus·

199 1507 292 1562 cum,
325 1499 403 1542 cum
429 1476 592 1556 leporinis
614 1473 771 1537 omnibus
794 1475 884 1539 notis
906 1497 1114 1561 congruum,
1147 1492 1164 1535 a

199 1585 315 1655 Trich.
337 1581 471 1643 nodoso
501 1601 534 1640 n.
558 1596 588 1651 7.
612 1577 666 1640 cui
686 1577 722 1639 in
745 1580 907 1663 Catalogo
926 1580 1164 1645 Encozoorm

199 1682 396 1756 Viennensi
416 1681 662 1754 adnumeratur,
690 1679 986 1745 diversissimum

179 1846 209 1859 ·-
254 1812 288 1899 6.
314 1804 629 1898 ¹Trichocepitalus
656 1801 971 1897 depressiuscultis
996 1802 1049 1879 R.

308 1919 425 2007 Quem
447 1921 630 1981 Fraomcn
656 1913 691 1976 in
715 1916 822 1997 Vulpc
848 1915 1161 1993 detexeracvm

202 2042 303 2092 trans
325 2011 413 2081 misit
434 2020 469 2080 in
494 2039 596 2080 coeco
623 2015 726 2080 Canis
736 2010 936 2105 familiaris
955 2034 1143 2103 repertum.

313 2117 547 2202 Descriptioni
589 2116 624 2179 in
657 2112 915 2203 Entozboisgia¹
944 2123 1048 2189 datae
1086 2140 1163 2205 quae

203 2230 334 2299 addam,
356 2245 463 2306 pauca
486 2235 572 2283 sunt.
610 2223 722 2304 Caput
742 2224 911 2305 integrum
930 2244 1050 2307 neque
1072 2246 1164 2309 eman

204 2328 356 2416 ginatum
378 2341 439 2391 est.
470 2327 519 2388 Os
539 2346 613 2386 non
633 2325 715 2387 vidi.
742 2317 911 2390 Vesicrdae
936 2327 1023 2390 colli
1042 2318 1166 2414 spudeo

204 2435 250 2497 de
274 2430 489 2513 quibusEnt.
507 2429 601 2491 1.11.
622 2450 656 2509 p.
680 2445 732 2507 95.
755 2425 789 2488 in
804 2425 1064 2498 observatione
1087 2435 1166 2497 loca

203 2551 367 2609 tursum,
389 2531 426 2593 in
452 2530 535 2593 meis
558 2530 793 2611 speciminibus
815 2532 931 2613 utique
954 2535 1098 2601 desunt.
1117 2536 1167 2600 Ge·

205 2637 310 2703 uitale
331 2636 505 2696 masculum
527 2633 769 2717 longissimum,
793 2636 874 2698 duas
886 2636 996 2700 tineas
1011 2634 1167 2723 longum!

205 2741 262 2804 Ex
284 2736 378 2820 apice
400 2737 526 2798 caudae
549 2739 689 2800 'obtusae
711 2737 825 2814 oritur,
849 2739 899 2800 fili
920 2739 1032 2804 instar
1053 2741 1166 2816 tenuis,

207 2842 305 2925 quod
331 2839 440 2922 primo
470 2839 583 2900 solum
610 2837 827 2918 conspicitur3
869 2842 1033 2906 attentius
1065 2856 1167 2909 autem

207 2939 450 3023 contemplanti
481 2938 605 3020 vagina
634 2941 677 3000 ob
706 2945 823 3005 oculos
854 2943 996 3026 ponitur
1024 2964 1167 3009 summas

210 3040 380 3108 tenuitatis
402 3055 437 3104 et
458 3028 702 3123 pellt'tciditatis,
729 3044 870 3124 primam
893 3046 1027 3110 circiter
1048 3049 1168 3114 tertiam

210 3159 339 3233 partem
359 3143 409 3203 fili
431 3142 591 3211 ambiens.
635 3145 712 3206 Ova
728 3147 885 3208 nondum
906 3151 1055 3214 evoluta
1076 3164 1168 3217 etant

215 3246 219 3253 ¹
261 3281 298 3358 6.
326 3271 648 3378 Trichocephalns
674 3300 844 3358 crematus
869 3284 913 3358 R.

212 3484 218 3491 ¹
319 3416 370 3479 cl.
392 3413 565 3494 quondam
587 3415 741 3478 Hiiaumc
767 3413 949 3496 specimina
977 3418 1073 3487 misit
1093 3442 1168 3489 com·

213 3519 312 3603 plura
332 3517 368 3578 in
391 3514 557 3578 intestinis
580 3518 694 3580 crassis
715 3520 792 3583 Suis
813 3521 1017 3587 dornetiaco
1038 3548 1059 3589 a
1078 3545 1116 3593 se
1128 3546 1168 3591 re

214 3632 321 3702 perta,
343 3617 500 3679 humanis
522 3619 681 3683 nonnihil
693 3622 828 3706 majora,
851 3624 908 3686 vel
920 3620 1064 3691 illorum
1081 3626 1167 3694 maxi·

215 3718 279 3783 mis
301 3719 466 3797 aequalia,
488 3718 609 3786 albida.

302 3820 462 3883 Feminae
484 3841 607 3904 corpus
630 3821 784 3904 ejusdem
803 3826 953 3905 formae,
999 3851 1040 3894 ae
1066 3829 1167 3899 Tricht

215 3917 373 4000 humani,
417 3921 525 4008 capite
548 3922 773 4008 acutiuscula,
814 3928 992 3997 interdum·
1007 3935 1183 4021 perforato*
