2408 4478
488 239 820 335 ...698-

197 414 291 480 Has.
317 415 362 476 In
383 406 552 474 intestinis
575 409 764 477 γίνεται.
780 411 930 481 Noeicar
943 409 1032 477 tiam

243 517 281 578 in
302 512 445 577 Brasilia
466 510 609 594 reperit..

266 614 462 700 Specimina
479 617 659 696 complura
680 634 809 677 unum
835 635 916 687 cunt
932 615 1028 681 diuidit

160 737 306 805 quatuor
329 738 407 780 cum
430 715 573 780 dimidio
600 718 761 798 pollices
787 718 909 800 longa

267 822 375 903 Caput
400 819 631 900 majusculum
668 832 924 904 tetragonum,
951 824 983 884 ab
1005 836 1033 885 ot

160 927 204 990 ad
226 928 391 1008 posticam
411 933 547 1004 partem
567 940 838 1003 compressums
871 925 976 987 osculis
989 945 1033 1007 asp

160 1028 253 1091 ribus
274 1027 406 1107 magnis
436 1025 568 1096 crassis,
606 1036 777 1104 apertura
806 1026 967 1107 oblonga
989 1040 1033 1090 rot

160 1128 363 1192 intermedio
385 1127 494 1198 brevi,
517 1126 653 1198 obtuso,
676 1124 787 1189 nullo
808 1123 852 1187 in
875 1124 1033 1209 specimine*

159 1229 378 1294 levissimum
398 1226 605 1289 uncinorum
625 1224 829 1306 vestigium
857 1230 996 1311 prodens.
1023 1227 1033 1288 t

162 1335 229 1397 lum
250 1333 403 1414 planum,
426 1328 654 1413 pellucidum,
676 1347 768 1391 vasa
790 1328 937 1399 linearia
956 1330 1033 1410 longit

160 1434 253 1497 nalia
275 1435 454 1512 exbibens,
467 1434 508 1494 ad
530 1434 634 1494 latera
654 1429 832 1514 crispum,
848 1447 886 1496 et
906 1432 1034 1523 capitestt

162 1537 454 1619 pore‘angustius‚
475 1537 679 1617 plerumque
704 1535 818 1603 valde
841 1537 956 1609 breve,
973 1533 1034 1613 insp

161 1640 256 1704 mine
278 1638 408 1719 majore
431 1638 474 1699 ad
496 1639 621 1699 lineam
643 1633 837 1704 dimidiam
860 1651 1023 1702 extensum.

164 1740 264 1803 sintii
295 1740 488 1800 conformes
513 1739 655 1814 breves,
683 1753 892 1804 antrorsum
918 1736 1034 1824 angustis

165 1842 233 1905 cito
255 1843 463 1920 latescentes,
483 1841 605 1923 passim
627 1844 751 1906 medio
772 1841 959 1917 consertes,
976 1860 1034 1922 mar!

165 1946 231 2013 bus
255 1942 448 2007 lateralibus
470 1943 668 2025 angulisque
689 1947 914 2021 rotundatis;
931 1939 1035 2029 posteri

152 2047 293 2112 lineam
328 2047 503 2111 dimidiam
534 2045 712 2111 latitudine
743 2062 926 2131 superant.
973 2048 1027 2111 Osa

167 2165 263 2226 sunt,
293 2150 413 2230 pariter
439 2149 552 2211 forsan
579 2147 712 2211 articuli
735 2150 899 2236 elongati
918 2147 1035 2243 posteris

147 2251 326 2318 ‘altinibus
349 2254 508 2317 solennes
532 2253 685 2322 deerunt.

217 2425 279 2505 98.
305 2410 443 2481 Taenia
469 2409 585 2484 surita
609 2417 653 2485 ll·
685 2436 726 2485 n«
752 2436 816 2507 sps
853 2417 955 2485 Pone
977 2412 1035 2499 Syn*

316 2555 352 2598 n.
380 2542 440 2618 78.

205 2663 251 2728 T.
274 2658 388 2741 capitis
412 2658 630 2724 subrhombei
654 2655 785 2719 osculis
818 2660 956 2735 mediis,
989 2671 1036 2722 rost·

152 2804 154 2811 ι
249 2768 382 2833 obtuso,
404 2763 493 2822 collo
515 2763 622 2837 nullo,
646 2757 800 2823 articulis
830 2761 1031 2830 brevissimis,

248 2867 468 2947 sequentibus
492 2861 648 2937 euocatis,
674 2861 825 2940 reliquis
852 2859 1036 2948 oblongis,i

246 2968 396 3032 minibus
420 2966 655 3048 marginalibus
679 2964 843 3031 alternis.

202 3072 292 3136 Hah.
327 3070 461 3135 Otreres
484 3068 521 3131 in
545 3065 713 3133 intestinis
750 3071 889 3132 Ardeae
907 3090 941 3130 n.
962 3062 1037 3130 lvd

244 3174 310 3250 tio,
343 3173 536 3232 NArrnnssn
563 3169 597 3230 in
626 3167 691 3231 illis
715 3171 856 3232 Ardeae
879 3170 1034 3240 caeruleae,

243 3272 384 3339 Brasilia
405 3284 613 3353 repererunt.

263 3377 312 3439 Α.
324 3379 513 3458 Specimina.
529 3375 786 3439 Nattereriana.
814 3374 980 3443 Alterum
996 3391 1037 3433 nos

156 3477 265 3547 lineas
288 3480 442 3559 longum,
463 3475 591 3559 postice
614 3472 799 3538 dimidiam
822 3480 949 3555 latum,
970 3491 1037 3538 crass

155 3583 299 3648 alterurn
322 3597 388 3644 tres
410 3579 518 3643 lineas
541 3582 704 3658 longum,
737 3580 865 3648 forsan
896 3585 1037 3664 fragmen

164 3750 169 3761 Ι
265 3681 372 3761 Caput
394 3681 671 3752 subrhombeum‚
697 3684 742 3741 ab
768 3685 930 3747 articulis
944 3684 1037 3745 scilicet

153 3799 308 3848 crescens
330 3783 367 3843 in
389 3798 534 3864 partem,
563 3802 666 3861 quam
697 3789 829 3849 oscula
856 3802 983 3860 tenent,
1006 3783 1031 3841 ab

152 3887 348 3953 decrescens
370 3887 406 3945 in
426 3885 593 3949 rostellum
612 3884 790 3969 validum,
818 3892 921 3973 cujus
945 3880 1032 3953 uncini
