2452 4478
556 263 841 337 -518-

225 422 367 502 lo'rrnes3
390 410 490 478 antici
502 413 675 494 longiores
694 435 793 496 quam
812 413 882 496 lati,
896 416 1024 499 postici
1038 416 1178 485 latiora.

226 519 398 600 Majorum
421 519 639 581 articulorum
661 514 835 605 foramina
856 520 986 584 alterna
1009 523 1180 594 tumidula,

227 621 343 691 ¹Oculo
363 636 501 701 sparsa·
526 619 727 689 Lemniscos
749 640 822 681 non
843 620 930 690 vidi.
993 645 997 651 ·

336 722 503 792 Distiucta
525 739 613 785 certa
635 723 777 804 species.

283 878 347 954 60.
371 881 505 952 Taenia
530 862 803 953 candelabraria
828 875 983 955 Goriza(

341 1024 424 1088 Am.
449 1025 635 1087 Baansnno
670 1024 816 1088 Taenias
845 1027 976 1108 aliquot
1012 1030 1126 1097 debeo
1151 1032 1181 1096 in

230 1127 403 1202 intestinis
423 1123 747 1211 Strigis.brachyoti'
761 1145 916 1210 repertas,
939 1130 1075 1212 aliquot
1094 1135 1178 1218 polii·

239 1248 292 1295 ces
313 1232 446 1312 longas,
468 1250 610 1310 quarum
633 1232 736 1293 altera
756 1235 862 1313 capite
884 1233 1050 1297 instructa
1073 1253 1132 1303 est.

307 1332 459 1415 ··Caput
488 1331 729 1412 majusculum,
764 1335 877 1398 oscula
912 1336 1178 1415 suborbioularia,

237 1433 404 1517 posticam
418 1433 490 1513 ejus
512 1434 947 1516 partemsibi-vindicantia3
962 1441 1131 1504 rostellum
1144 1463 1180 1504 re·

239 1550 381 1599 tractum
399 1538 573 1617 pellucens
594 1536 633 1598 in
655 1536 768 1618 capitis
794 1553 884 1619 parte
906 1544 1080 1605 anteriore
1103 1546 1180 1605 obtu-

230 1659 276 1702 sa
297 1641 461 1720 elongata.
509 1637 634 1700 Collum
656 1641 732 1700 satis
746 1643 887 1722 longum
910 1655 945 1704 et
966 1632 1179 1708 latiuscrilurn.

228 1744 382 1807 -Amiculi
402 1741 584 1804 anteriores
606 1737 810 1816 brevissimi,
838 1744 1094 1825 rugaeformes3
1120 1767 1180 1810 sen·

231 1841 306 1907 aim
320 1843 464 1924 majores
485 1845 570 1918 facti,
585 1846 733 1920 breves,
760 1839 976 1922 subcuneati,
1006 1846 1099 1910 vasis
1124 1851 1182 1913 lon·

235 1946 483 2029 ,gitudinalibus
497 1944 793 2024 transparentibus3
815 1960 883 2008 tum
895 1947 1002 2030 magis
1020 1950 1182 2034 magisque

232 2053 392 2132 ·elongati
411 2049 447 2110 in
464 2049 607 2121 formam
628 2051 890 2128 campanulatam
911 2049 1100 2127 abeuntes,
1124 2055 1183 2136 ple·

243 2173 386 2231 rumque
415 2149 529 2212 medio
562 2149 743 2222 constricti;
782 2153 840 2213 vel
876 2147 1117 2234 et‘longiores
1143 2155 1182 2216 bit

246 2253 423 2326 constricti,
447 2253 574 2334 angulis
597 2251 731 2331 posticis
755 2254 981 2315 exstantibus}
1005 2255 1043 2316 hi
1063 2259 1183 2320 tandem

241 2358 475 2430 retrahuntur,
508 2368 545 2415 ut
582 2353 711 2415 articuli
743 2355 950 2436 marginibus
990 2360 1185 2421 rectiusculit

245 2471 390 2537 utantur,
411 2473 486 2520 cute
509 2456 613 2529 tenui,
634 2457 803 2536 pellucida
824 2458 992 2533 instructi,
1017 2463 1116 2542 cujus
1133 2482 1184 2543 ope

245 2560 367 2620 canalis
395 2562 526 2623 medius
560 2578 636 2619 curn
669 2558 786 2621 ovario
816 2559 1080 2638 (candelabrum
1113 2567 1186 2628 Gor·

246 2664 306 2738 ΖΠ)
327 2662 585 2742 conspiciantur.

349 2763 583 2827 Articulorum
606 2763 771 2844 majorum
793 2759 919 2847 scilicet
942 2763 1034 2844 parti
1054 2767 1188 2848 posticae

247 2885 367 2947 corpus
392 2881 583 2928 transverse
608 2856 792 2949 ellipticum
815 2887 961 2948 opacum
983 2867 1090 2953 inest,
1114 2870 1188 2951 quod

246 2973 393 3031 ovarium
414 2969 623 3031 ›saccisorme
660 2969 847 3044 crederem,
877 2971 956 3031 licet
997 2991 1070 3032 ova
1104 2973 1188 3053 hujus

243 3070 393 3132 Taeniae
414 3092 486 3133 non
509 3073 669 3145 viderim,
697 3071 821 3152 passim
851 3074 942 3133 enim
964 3070 1059 3133 illud
1083 3093 1189 3157 corpus

244 3187 440 3247 punctatum
461 3190 604 3255 apparet,
627 3193 741 3252 neque
762 3173 799 3233 in
814 3175 944 3251 reliquo
969 3174 1120 3239 articulo
1138 3197 1191 3238 ova
1222 3174 1224 3179 ’

144 3345 147 3352 ¹
246 3273 384 3346 adsunt3
421 3297 463 3337 ex
491 3277 557 3336 hoc
586 3296 680 3336 sacco
712 3276 829 3334 ductus
862 3288 973 3336 rectus
1007 3293 1192 3342 antrorsum
1222 3310 1224 3321 ·

245 3376 378 3438 ducitur
397 3380 432 3438 in
455 3379 583 3439 articuli
605 3391 698 3459 parte
721 3377 826 3437 antica
846 3376 883 3437 in
907 3379 1074 3456 cupulam
1098 3382 1192 3443 dilata·

245 3492 313 3552 tus,
335 3501 420 3559 ·qua
448 3500 527 3539 curn
557 3479 673 3540 ovario
705 3477 833 3540 articuli
862 3483 1060 3559 praegressi
1086 3487 1193 3546 iterun
1222 3458 1224 3527 i

238 3581 425 3644 cohaerere
452 3580 598 3643 videtur.
648 3583 703 3642 Ex
739 3584 840 3643 ductu
879 3582 1130 3660 longitudinali
1155 3560 1224 3646 au·¹

238 3680 321 3760 iem,
345 3683 434 3745 haud
457 3697 569 3745 exacte
592 3686 626 3743 in
655 3684 727 3762 ejus
757 3684 889 3754 medie,
922 3685 986 3745 sed
1019 3688 1192 3766 paululum

241 3783 424 3864 antehoc,
447 3786 569 3846 canalis
593 3797 798 3845 transversus
821 3786 861 3844 ad
884 3785 1046 3848 foramen
1076 3781 1194 3850 articuli

238 3884 423 3967 marginale
445 3887 564 3955 tendit,
609 3887 758 3967 Corpora
779 3900 867 3950 torta
889 3908 966 3950 non
998 3889 1097 3972 vidi,
1120 3903 1195 3970 quae
