2452 4478
390 261 669 344 miss-³

68 398 73 412 .
98 448 102 455 ·
161 417 351 504 specimina
381 439 468 500 quae
501 416 613 500 Aprili
642 430 759 482 mense
788 411 940 485 Arimini
974 429 1011 494 ln

55 522 226 588 intestinis
256 525 376 606 Polypi
397 523 544 602 uulgaris
574 520 710 603 (Sepiae
740 523 956 606 octopodiae)
976 542 1012 597 et

63 627 166 689 Gobii
189 631 277 707 nigri
297 645 359 686 nec
387 643 460 684 non
483 623 671 686 ventriculo
696 635 728 685 et
751 621 910 688 intestino
936 632 1010 696 Tor.

54 730 193 810 padinis
222 738 449 796 neumarum
481 745 568 805 quae
601 724 727 787 ibidem
755 725 851 805 Majn
879 743 944 792 tarn
972 736 1009 798 in

58 829 226 893 intestinis
251 828 340 889 Gadi
356 828 522 889 Morluccn‘
540 841 576 888 et
588 828 706 908 Squali
716 828 898 891 Acauelriae
910 853 1011 912 qnam

58 929 96 992 in
119 928 301 1012 peritoneo
328 929 548 991 Plaeurnnectis
578 933 739 1002 maximi‚·
775 932 829 991 vel
863 932 1011 1015 Neapoli

59 1031 167 1095 Junio
191 1031 224 1092 in
247 1028 414 1093 intestinis
434 1016 637 1104 scorpaenae
663 1033 772 1108 Porci,
800 1035 900 1113 Spuri
922 1040 1012 1100 Boo.

58 1135 126 1215 -pis,
151 1135 330 1211 Apngouir,
351 1131 487 1208 (lupeno
511 1132 722 1206 Eucraricob',
745 1147 777 1194 et
800 1131 923 1197 ibidem
943 1140 1012 1204 Au.

61 1245 160 1316 gusto
181 1235 216 1296 in
238 1233 305 1295 illis
330 1235 427 1295 cocti
449 1231 551 1295 Gobii
578 1233 706 1313 reperi
741 1236 848 1298 bullo
866 1242 1010 1308 modoa

59 1332 272 1399 Miillerianis
295 1335 463 1398 diffetmunt

166 1436 270 1522 Quod
294 1435 443 1501 Arimini
469 1434 592 1516 Majo
583 1456 618 1498 ιη
642 1434 800 1500 intestino
830 1439 932 1503 Gabia·
952 1449 1011 1507 mi·

63 1541 141 1603 nuti
175 1539 302 1602 offendi
337 1539 528 1654 specimen,
564 1538 612 1600 uti
655 1557 754 1617 supra
782 1543 898 1615 retuli,
929 1566 1012 1625 pun.

64 1655 116 1705 cta
137 1640 320 1725 sanguinea
348 1640 386 1703 in
414 1662 573 1706 vasorum
600 1641 742 1702 sormam
773 1643 929 1727 elongata
958 1651 1015 1712 ob.

64 1742 155 1810 tulit
995 1768 998 1773 ·

174 1844 288 1931 Quem
320 1841 466 1925 Neapoli
504 1841 599 1905 Julio
629 1861 748 1906 mense
786 1843 1013 1916 in'intestino

62 1948 169 2030 spari
189 1946 275 2011 novi
295 1944 422 2010 ibidem
456 1946 639 2006 scliandra
668 1942 742 2005 dicti
773 1951 881 2028 reperi
904 1955 1014 2016 solita-

63 2049 166 2123 rium,
190 2046 289 2110 solito
306 2048 475 2130 majorem,
499 2059 531 2108 et
554 2045 715 2108 fet-ednas
736 2040 839 2112 tinea's
862 2052 1013 2134 longum,
1124 2117 1126 2126 ,

63 2150 191 2237 passim
214 2168 436 2223 contractum,
467 2145 638 2226 evulgari
666 2148 802 2215 Scolece
821 2154 937 2219 'tamen
966 2159 1015 2222 di·

64 2273 209 2330 versum
231 2273 302 2314 non
329 2252 500 2316 haberem.
551 2248 663 2334 Quam
691 2251 787 2314 facile
818 2256 909 2327 enim
938 2261 1016 2329 alie·

64 2362 128 2421 'nas
149 2355 272 2418 formas
296 2351 427 2434 induit,
460 2369 608 2432 sequeus
642 2352 740 2415 etiam
774 2357 874 2425 docet
907 2367 1017 2431 obser.

62 2456 169 2529 vatio.

172 2553 289 2620 Pridie
312 2552 475 2620 Calendas
496 2551 647 2637 Augusti
666 2553 813 2642 Neapoli
832 2563 868 2625 in
891 2564 1018 2635 inresti-

64 2684 113 2727 no
137 2660 398 2742 Lepadogaseris
422 2658 551 2722 Gonane·
580 2657 758 2731 Scolesem·
780 2662 906 2730 offendi
934 2671 1017 2739 line·

66 2785 124 2827 am
147 2761 323 2824 dimidiam
344 2756 608 2851 longumpcujus
637 2773 736 2841 caput
765 2766 1017 2839 subrutundum

67 2865 397 2943 bothriatnunquam
417 2864 507 2927 bene
525 2862 707 2942 conspicua
729 2863 889 2942 exhibuit,
914 2873 1015 2953 apicis

68 2983 187 3034 autem
222 2966 425 3050 quandoque
453 2981 581 3044 partem
608 2969 747 3044 parv'am
776 2970 1015 3049 subglobosam

66 3070 178 3135 antice
201 3069 368 3132 dentatam
392 3068 519 3138 emine
540 3064 635 3128 cuius
649 3087 733 3130 vero
753 3087 874 3151 corpus
888 3091 1016 3138 rectum

65 3173 197 3240 lineare
217 3170 385 3234 interdum
410 3167 569 3248 utrinque
590 3166 648 3232 tali
675 3166 780 3234 modd
808 3191 1017 3241 contractum

66 3276 142 3354 fuit,
165 3295 233 3357 quo
255 3271 491 3336 monilifonne
514 3283 695 3351 appareret.
744 3271 844 3352 [psis—
859 3276 936 3338 dein
958 3280 1017 3342 Ga·

67 3378 181 3445 lendis
204 3373 239 3436 in
262 3374 328 3436 alio
351 3371 597 3453 Lepadogastre
625 3370 798 3464 Scolecem
827 3373 948 3441 inveni
969 3380 1018 3444 vi·

68 3479 251 3554 vidiorem‚
274 3475 333 3561 qui
353 3486 478 3563 puncta
499 3469 700 3554 sanguinea,
723 3472 855 3540 bothria
877 3492 939 3542 etc.
959 3484 1017 3546 ob.

69 3586 154 3648 tulit.

176 3680 275 3771 Quos
298 3676 334 3739 in
352 3674 512 3762 Ophidiis
535 3673 655 3758 reperi,
680 3693 779 3762 saepe
801 3675 891 3744 inter
912 3701 948 3748 se
970 3702 1019 3749 cu

67 3788 208 3857 haerere
232 3779 316 3862 vidi,
338 3795 375 3843 ut
397 3782 481 3844 alter
499 3780 619 3842 scolex
635 3777 770 3844 alterius
788 3781 922 3864 majoris
934 3785 1021 3872 apici

67 3891 197 3955 caudae
216 3901 327 3955 rectus
347 3884 467 3952 affixus
490 3899 594 3962 esset,
621 3882 705 3950 alter
731 3895 849 3953 autem
877 3875 1028 3954 alterum
