2452 4478
393 269 445 297 -
495 250 569 334 ur
620 273 674 305 --·-

165 400 275 492 Caput
295 418 458 491 magnum
481 409 736 490 subglobos'um,
759 421 947 476 antrorsum
960 435 1016 498 pa-

50 523 196 592 rumper
218 524 433 608 attenuatum
478 511 624 573 Bothria
647 512 845 593 marginalia
867 516 1016 600 oblonga

52 613 228 696 protunda
250 625 284 673 et
305 632 426 693 magna
458 611 496 675 in
520 612 629 685 vivis3
651 613 688 674 in
717 616 862 676 mortuis
890 619 1017 695 bothrii

55 715 182 779 ostium
204 733 349 795 parvum
377 712 525 776 anticum
556 715 674 777 adesse
702 714 851 782 videtur.
893 718 1015 783 Collum
1072 776 1074 781 s

53 819 207 882 nullum,
252 816 397 877 Articuli
419 817 551 892 breves,
575 815 728 898 margine
756 817 947 897 posteriore
968 816 1017 883 in·

56 932 201 983 crassato
225 917 389 996 utrinque
413 930 581 993 exstante,
610 931 679 999 quo
708 938 829 1001 corpus
852 934 1018 982 serratum

55 1021 123 1083 fiat.
171 1017 318 1081 Articuli
343 1032 490 1080 ceterum
511 1019 716 1099 inaequales,
745 1035 783 1082 ut
810 1019 932 1102 passim
962 1043 1017 1083 an·

56 1111 231 1207 'gustiores
270 1135 304 1183 et
339 1120 511 1200 longiores
546 1121 777 1184 intercurrant
844 1125 920 1186 Ova
958 1125 1017 1186 vel

56 1223 172 1287 ovalia
193 1223 250 1285 vel
273 1234 382 1303 ovata,
401 1222 516 1286 forsan
539 1223 727 1333 secundunr
756 1222 925 1305 majorem
947 1242 1014 1287 ma

55 1325 199 1388 turitatis
220 1325 375 1405 gradum,

165 1437 203 1504 A
222 1440 263 1504 Β.
288 1448 445 1525 punctalo
480 1430 744 1522 diversissimus,
785 1435 866 1507 licet
898 1434 1015 1507 ortaria

56 1539 208 1610 lateralia
235 1543 439 1621 insuescunt,
474 1546 530 1607 sed
568 1545 685 1608 haec
675 1566 747 1628 rpsa
778 1548 881 1608 atiani
907 1548 945 1608 in
972 1547 1014 1613 Β.

58 1645 261 1727 crassicipite
286 1660 386 1727 quam
407 1649 442 1710 in
465 1648 504 1708 B.
526 1661 685 1729 punctato
709 1647 836 1771 majora
857 1662 1006 1718 sunu.

115 1812 171 1887 14
197 1796 531 1902 Bothriocephalus
557 1791 695 1878 solidus
720 1801 767 1880 R.
817 1868 819 1873 ,
887 1851 890 1861 .
976 1772 1005 1803 λ’

168 1951 480 2016 Desideratiisimus
503 1955 638 2015 Parias
660 1954 769 2031 (Ειιιι
781 1941 831 2014 ΙῙ.
853 1967 882 2016 2
903 1970 937 2033 p.
960 1952 1015 2017 61.

59 2056 146 2123 ΟΜ.
173 2058 206 2122 6.
234 2057 465 2117 Gasterosteos
495 2055 633 2136 Spream
670 2054 857 2117 habitantes
882 2052 1014 2116 Bothri

59 2158 228 2241 ocephalo
265 2177 337 2218 non
370 2155 540 2219 obnoxios
574 2176 646 2220 esse
664 2156 803 2233 retulit,
836 2158 893 2219 sed
922 2158 1017 2218 nuns'

59 2260 201 2343 quidem
224 2279 276 2323 res
299 2258 366 2320 alio
389 2277 426 2320 se
452 2258 553 2321 habet
573 2260 695 2337 modo,
724 2273 757 2321 et
771 2274 906 2322 aestate
933 2276 1016 2340 quo-

57 2364 171 2426 tannis
195 2359 466 2444 copiosissimum
489 2360 648 2436 afferunt,
671 2359 864 2440 passimque
886 2364 1016 2442 aliquot
1090 2413 1092 2417 .

57 2463 136 2529 dies
158 2464 194 2527 in
218 2462 452 2544 aq'ua'pu'tea'li
473 2458 595 2523 vivum
617 2479 729 2523 servu.
798 2486 833 2503 ··
1051 2448 1053 2455 ¹

72 2606 75 2611 ·
163 2583 339 2647 Interdum
364 2598 438 2660 pars
461 2577 588 2660 postica
610 2599 677 2662 ope
689 2578 861 2645 stricturae
883 2584 1015 2664 apicem

57 2689 249 2751 obovatum
269 2681 469 2766 petiolatum
491 2681 586 2747 sistit.
628 2683 674 2743 In
700 2683 877 2745 nonnullis
899 2684 1016 2745 articu-

55 2780 179 2854 lorum
207 2783 419 2870 'singulorum
452 2780 566 2846 oscula
593 2780 729 2863 rneditt,¹
742 2780 908 2864 rotunda,
937 2782 1015 2846 satit

55 2902 195 2995 magna,
218 2891 278 2954 sed
301 2896 478 2969 nunquam
496 2906 563 2948 ova
575 2883 803 2950 observavi.

168 3008 356 3092 Specimina
377 3027 436 3090 per
459 3007 588 3090 aliquot
610 3005 709 3069 dies
698 3027 736 3067 ιιι
750 3023 835 3085 aqua
856 2994 939 3066 *tiva
952 3016 1016 3066 ser·

55 3123 141 3179 vata
161 3125 334 3205 tantopere
358 3109 557 3194 elongantur
585 3108 618 3170 e't
646 3108 856 3189 explicantur
884 3114 939 3168 tit
951 3097 1017 3166 Bri

56 3195 295 3315 thriocephaio
320 3206 453 3275 nodoso
483 3204 654 3287 simillima
676 3192 793 3284 ilani,
805 3217 939 3289 neque
952 3220 1017 3269 arn·

57 3317 153 3402 plius
183 3310 459 3395 Asrrneannnro
490 3312 770 3388 contradicerem,
794 3309 853 3392 qui
872 3304 1017 3374 candent

58 3417 212 3506 speciem
235 3419 350 3484 credit
993 3416 1005 3441 ·'

172 3539 254 3621 Ipse
277 3539 399 3602 eodem
426 3523 530 3601 modo
552 3518 768 3601 Gasterostei
795 3519 835 3594 B.
864 3519 1014 3592 solidum

58 3638 244 3708 sterilem
234 3661 269 3702 tn
293 3644 411 3703 avibus
432 3616 604 3703 nodosum
635 3652 668 3703 et
688 3626 844 3717 'fertilem‘
841 3621 948 3719 fieri,
976 3640 1014 3693 ae

55 3742 239 3831 Ligulae
231 3765 266 3804 tn
290 3746 403 3805 avium
434 3742 591 3809 intestino
616 3728 870 3822 explicantur,
849 3712 1013 3797 credide·

57 3846 291 3935 umrQuo
301 3844 440 3939 aceedit,
464 3847 684 3926 Viennenses
707 3831 1013 3949 Heluunthologos
