2408 4478
567 234 744 317 *ns-2
798 264 922 299 ω·-

254 518 258 523 -
340 477 510 547 Genus
552 476 707 550 XVII.
744 480 1102 563 Pan-tastum.

259 668 262 673 '
325 667 385 727 -De
406 663 661 728 Pentastornatis
684 687 811 749 genere
832 692 914 735 non
936 678 988 739 ad
1014 677 1173 750 Gestoitln,

233 768 295 839 sati
326 767 368 827 ad
406 767 614 829 Trenratoda
646 767 873 853 pertinente‚=
893 776 985 841 haec
1021 782 1174 859 generatim

233 882 341 932 sumta
364 871 580 949 exponendo,
601 872 735 931 locutus
756 889 847 939 sum.
898 879 1048 959 Species
1070 904 1174 964 perpati·

234 992 293 1033 cae
316 970 494 1047 videntur,
518 987 660 1035 attamen
684 995 702 1034 a
725 973 983 1057 Polystomate‚
1016 985 1109 1065 cujus
1126 990 1174 1047 sub

235 1070 442 1134 divisionem
466 1073 552 1135 olim
575 1072 781 1149 efficiebant,
813 1094 941 1160 utpote
967 1085 1075 1147 nimis
1096 1090 1173 1151 diver.

238 1194 304 1248 sae,
326 1177 528 1256 separandae
550 1176 696 1239 luerunt.
731 1178 866 1260 Species
898 1202 1059 1263 quatuor
1075 1188 1172 1271 priora

234 1277 436 1355 simillimae,
460 1276 564 1356 quid?
598 1277 690 1354 quod
713 1284 882 1357 secunda,
906 1291 1014 1351 tertia
1034 1306 1072 1355 et
1091 1308 1173 1372 quarta

233 1386 296 1449 vix
316 1376 523 1443 sufficienter
544 1376 704 1460 distingui
726 1397 889 1461 possunt,
919 1409 1012 1453 cum
1040 1394 1117 1455 duas
1137 1415 1172 1473 pt

233 1483 386 1549 statiores
410 1496 521 1543 autem
542 1500 614 1551 non
635 1482 789 1557 viderim,
813 1487 968 1553 easdem
993 1498 1171 1577 supprimere

233 1608 307 1651 non
328 1582 445 1646 ausim.
490 1582 618 1668 Quinta
633 1582 777 1647 maxime
796 1583 952 1667 diversa,
973 1612 1076 1659 notas
1091 1612 1171 1659 tama

234 1685 362 1773 proprii
385 1686 519 1767 generis
538 1704 611 1747 non
629 1686 791 1762 continet,
814 1695 1034 1768 quodittam
1044 1700 1171 1765 tradendo

230 1791 419 1856 illustrabo.

288 1952 570 2023 1.Pen'tastoma
596 1942 795 2047 ta'eninides
821 1948 867 2023 R.

341 2098 419 2159 Ent.
447 2114 474 2161 t.
496 2119 530 2178 p.
549 2106 624 2175 441.
652 2117 688 2161 η.
720 2114 746 2159 1.
770 2097 985 2179 Polystomlt
1017 2107 1169 2173 (Perua

228 2204 296 2280 ma)
318 2198 517 2264 taenioides.
561 2196 688 2260 Taenia
705 2199 890 2262 lanceolata
915 2206 1119 2278 Can-aranas.

341 2320 385 2380 In
407 2317 532 2379 Museo
553 2317 747 2380 Viennensi
769 2319 828 2380 tria
854 2321 932 2383 vidi
959 2326 1170 2407 speciminair

236 2422 342 2487 Carris
363 2421 453 2500 Lupi
476 2417 617 2478 sinubus
647 2420 845 2481 frontalibus
870 2445 1034 2509 reperta,
1060 2451 1169 2511 quorun

234 2529 377 2589 alterum
400 2535 473 2582 octo
496 2523 620 2595 lineas,
643 2524 828 2584 secundum
852 2529 1032 2604 pollicem
1059 2548 1095 2595 et
1119 2535 1168 2595 dun

233 2627 352 2701 lineas,
376 2623 511 2687 tertium
534 2637 599 2685 tres
612 2625 752 2704 pollices
775 2638 807 2687 et
829 2644 991 2705 quatuor
1015 2636 1169 2697 lineasbr

232 2729 385 2814 gitudine
410 2726 606 2805 aequabant,
629 2726 694 2787 hoc
717 2724 815 2787 simul
839 2736 1168 2813 crassiuscutum‚u

232 2850 344 2898 terum
365 2832 461 2892 nullo
486 2828 589 2888 modo
613 2828 779 2888 acanirris
808 2829 965 2896 diversa.
1014 2840 1062 2899 ln
1086 2840 1168 2901 scuni

231 2932 448 3000 Veterinaria
469 2943 538 2990 tam
559 2929 783 3002 Berolinensi,
806 2951 913 3010 qua-m
932 2937 1169 3009 Viennensiit

233 3059 402 3119 equorum
424 3034 564 3095 sinubus
586 3032 783 3093 frontalibus
815 3053 1012 3115 nunquam
1033 3062 1169 3126 reparas

233 3155 302 3215 est,
336 3159 404 3219 quo
433 3137 592 3196 commoti
618 3138 812 3196 Baausrnus
832 3144 871 3195 'et
895 3158 967 3219 ego
991 3145 1067 3209 fere
1087 3141 1169 3230 genti

233 3241 356 3303 canino
382 3238 446 3300 soli
474 3236 722 3312 tribuissem,
757 3238 816 3298 sed
850 3257 978 3318 nuper
1000 3250 1094 3311 testis
1114 3266 1169 3329 egre·

232 3342 308 3426 gius
330 3344 508 3405 Cannam
531 3340 687 3422 exsurgit.
708 3340 768 3400 cel.
793 3339 945 3417 Gaavn,
982 3358 1043 3428 qni
1069 3354 1168 3429 (liena

232 3448 290 3509 ‹lie
323 3442 552 3506 Kranklreiten
590 3445 651 3504 der
682 3439 906 3505 Hausthiere.
985 3449 1167 3532 Oirtenbura

235 3555 328 3618 1313.
351 3548 383 3608 S.
418 3546 501 3622 184.)
526 3563 562 3606 se
589 3541 626 3603 in
651 3543 742 3605 Muli
763 3543 898 3605 cellulis
933 3550 1166 3616 eth-moidafihu

233 3648 325 3711 idem
345 3647 508 3728 reperisse
530 3646 641 3708 refert.

342 3748 439 3833 Quae
470 3764 646 3809 anatornen
671 3746 768 3827 hujus
790 3748 926 3828 vspeciei
961 3773 1122 3839 spectant,
1143 3752 1163 3818 'u

232 3848 416 3914 Mantissae
440 3848 813 3930 sectionelinsequente
842 3858 996 3923 tradam.
