2408 4478
386 256 664 334 *sos-2

160 409 242 471 Pori
273 409 444 488 aequales,
483 404 631 488 globosi,
665 394 865 489 medioeres„
900 405 1001 475 nudis

45 508 163 571 oculis
186 510 375 590 conspicui3
399 513 530 591 anticus
552 507 749 582 terminatis,
771 515 931 575 neutralis
952 533 1004 576 re·

43 610 273 685 :arctissimus¹
288 612 439 673 mediam
459 611 560 673 totins
578 626 708 693 partem
730 633 905 694 occupans.
936 613 1003 688 No·

46 734 125 793 que
147 717 276 787 cirrum,
301 733 414 794 neque
439 713 540 792 hujus
565 698 919 794 receptaculutn‘vidi.
966 738 994 747 ··

163 817 262 878 Pone
284 835 406 896 porum
432 806 617 879 'ventralem
635 815 733 877 'linea
761 816 872 880 media
898 817 1005 896 pellu-

51 913 133 976 cida
154 930 251 994 recta,
275 920 317 978 ad
339 916 432 997 cujus
449 920 561 993 latera,
584 917 769 998 marginem
790 935 925 991 versus,
938 917 1008 988 'du'-

52 1031 133 1076 etus
155 1017 301 1080 ilenuosi
324 1019 446 1100 pariter
467 1019 629 1104 pellnoldi
652 1019 912 1102 conspiciuntur,
935 1021 1008 1084 ovi·
1072 1056 1075 1061 -

53 1118 179 1178 ductus
202 1120 314 1182 forsan
335 1120 455 1196 vacuis
469 1143 534 1184 ova
557 1125 649 1185 enim
670 1122 790 1183 nullibi
815 1122 896 1190 vidi.

171 1221 251 1283 Obs.
276 1241 303 1285 1.
327 1225 400 1290 Cel.
425 1223 536 1291 Ganos
567 1224 763 1304 (Lehrbuoh
792 1225 852 1286 der
882 1228 1008 1297 Zooto·

22 1383 26 1388 s
51 1319 139 1382 mie.
163 1322 303 1403 Leipzig
338 1329 428 1393 1818.
457 1335 485 1392 8.
515 1344 546 1404 p.
568 1329 630 1402 51.)
653 1345 686 1387 se
716 1347 799 1388 vere
822 1325 902 1429 anni
928 1338 1009 1402 1814

51 1418 198 1486 vermes
222 1424 362 1504 gangllis
392 1425 635 1506 posterioribus
666 1428 892 1510 complurium
916 1428 1009 1490 Asta-

55 1544 180 1586 corum
208 1526 422 1590 fluviatilium
452 1527 591 1592 firmiter
614 1530 830 1613 inhaerentes
847 1529 1009 1610 reperisse

52 1627 173 1703 refert,
196 1628 432 1708 sesquilineam
452 1631 590 1713 longos,
625 1633 850 1714 Linguatulae
874 1631 1010 1707 similes,

23 1718 150 1808 ⁴'quos
174 1729 312 1792 ulterius
335 1752 405 1791 non
429 1732 618 1814 descripsit,
652 1735 762 1796 forsan
792 1736 833 1801 ad
857 1749 1011 1798 nostrum

55 1829 219 1893 Distoma
248 1832 466 1912 pertinentes.
515 1837 590 1916 lpse
625 1838 764 1912 multos,
793 1857 855 1897 am.
886 1840 1013 1900 Rosars-

54 1953 158 1994 ΠΜ,
189 1936 352 2014 plurimos
383 1934 525 1997 Astaoos
558 1929 727 2000 senuimus
755 1938 1012 2015 recentissimos,

58 2037 127 2098 sed
150 2057 320 2116 nunqnam
354 2036 522 2118 ejusmodi
553 2038 632 2116 quid
661 2040 926 2102 observavimus.
968 2043 1015 2103 In

65 2137 175 2200 Gadis
206 2159 336 2202 vermes
366 2139 480 2202 nervis
508 2138 693 2204 insidentes
728 2144 920 2222 frequentes
960 2145 1014 2204 ob·

61 2241 191 2302 servati
213 2238 300 2306 su'nt.
1034 2247 1037 2253 ’

179 2343 256 2404 Ods.
279 2361 308 2404 a.
330 2345 425 2405 Inter
443 2343 560 2403 ductus
576 2341 728 2408 biliferos
751 2346 903 2427 ejusdem
919 2343 1015 2408 Asta·

61 2441 108 2518 ci,
135 2447 192 2524 qui
214 2444 370 2504 Distoma
391 2447 561 2525 praebui-t,
593 2445 694 2507 Orno
723 2445 783 2508 tria
806 2469 944 2529 quoque
967 2430 1015 2511 re·

60 2547 157 2628 perit
180 2566 319 2626 corpora
340 2546 484 2620 minuta,
509 2544 713 2626 nigricantis,
751 2549 843 2622 dura,
883 2547 1017 2630 asperri-

61 2668 135 2719 ma,
159 2669 302 2726 quorum
324 2650 466 2710 alterum
489 2647 597 2707 adhue
617 2646 653 2708 in
676 2649 794 2711 eadem
814 2651 926 2732 phiala
939 2661 1017 2714 curn

64 2749 260 2813 Distomate
281 2769 391 2826 servo,
415 2747 532 2831 spiritu
553 2769 625 2809 non
648 2763 824 2816 mutatum.

125 2905 183 2999 ,65-
210 2907 378 2988 Distoma
404 2910 603 2987 irroratum.
629 2898 672 2986 n.
697 2933 734 2985 n·
758 2933 812 3002 sp.
854 2890 857 2895 ⁴

179 3056 222 3116 In
262 3057 447 3120 Testudinis
486 3055 611 3137 Mydae.
640 3054 829 3118 ventriculo
866 3050 1017 3118 Arimini

70 3157 169 3238 Majo
193 3157 352 3220 tredecim
380 3156 490 3240 reperi
517 3155 722 3231 Bistoniam,
758 3157 845 3217 duas.
873 3158 915 3218 ad
950 3172 1017 3250 tres

72 3282 152 3325 cum
177 3259 314 3322 dimidia
336 3260 442 3323 lineas
464 3261 577 3339 longa,
599 3257 769 3321 dimidiam
786 3257 827 3317 ad
851 3257 930 3317 ditas
955 3271 1016 3320 ter·
1074 3303 1075 3308 κ

72 3365 137 3428 tias
158 3361 270 3424 lineae
292 3376 401 3443 partes
413 3363 486 3435 lata,
495 3360 708 3439 sublinearia,
723 3357 880 3437 utrinque
896 3361 1021 3436 obtusa,

71 3463 353 3548 depressiuscula,
377 3465 475 3525 dorso
493 3483 663 3539 convexo,
684 3472 804 3523 ventre
825 3461 951 3555 planos.
965 3480 1022 3544 po-

64 3570 122 3636 ¹nis
144 3567 288 3642 earneis,
314 3587 456 3648 corpore
469 3565 592 3641 niveo,
611 3565 944 3644 lacteobrunneoque
970 3586 1024 3629 va.

71 3673 218 3754 riegato,
239 3672 367 3749 pictura
385 3669 480 3730 dorsi
500 3685 630 3731 ramosa
652 3663 775 3735 albida;
796 3662 1024 3732 vividissima.

182 3775 279 3846 Pori,
299 3773 516 3844 obcolorem
532 3772 585 3832 ab
612 3769 671 3832 illo
700 3766 848 3854 oorpoxis
874 3766 1024 3834 alienum

71 3876 180 3960 yalde
197 3873 395 3958 singulares,
419 3885 497 3938 sunt
517 3869 669 3956 globosi,
692 3867 866 3961 aequales,
898 3869 1026 3932 tertiam
