2408 4478
522 265 804 356 -ae-

236 461 270 538 7.
295 439 552 537 Amphistoma
577 441 777 510 erraticum
803 443 848 508 Β.

290 607 318 655 ι.
341 586 426 649 Am.
446 586 609 646 Busnsau
634 588 806 667 complura
835 581 1033 666 specimina
1057 576 1096 647 in
1114 578 1185 647 ‘tn-f

188 688 315 758 testinis
349 688 496 769 Calymhi
522 692 641 750 arctici
669 709 803 769 reperta
830 688 945 768 misit,
980 687 1055 750 illis
1079 709 1158 769 quae

180 796 270 875 ‘oiim
302 795 338 854 in
377 789 534 870 Calymba
566 792 821 871 septentrionali
852 786 947 865 (Eut.
982 790 1039 851 II.
1077 808 1105 852 1.
1130 812 1158 872 p.

190 912 264 976 344.
289 912 328 956 ni
347 895 393 970 5.)
417 892 552 964 offendi,
577 896 679 973 paulo
702 892 841 973 majora,
863 895 1080 973 pierumque
1103 906 1158 956 ses·

192 999 377 1080 quilineam
402 997 512 1077 longa,
537 995 637 1056 dorso
654 996 875 1059 luscescente.
901 997 1044 1057 Porum
1067 994 1157 1077 posti·

195 1122 273 1164 cum
298 1099 451 1158 distincte
477 1117 545 1155 non
573 1096 654 1170 vidi,
680 1099 738 1159 sed
764 1119 848 1177 apex
867 1100 1030 1177 posticus
1055 1097 1157 1159 subin·

193 1203 280 1267 nisus
306 1215 369 1274 est,
394 1199 539 1259 incisura
562 1197 637 1260 sive
661 1186 880 1279 impressione
906 1200 1050 1282 exigua.

303 1323 331 1366 a.
356 1305 452 1365 Idem
479 1300 618 1362 Amicus
642 1301 826 1381 specimina
850 1301 987 1382 aliquot
1013 1301 1110 1363 dedit
1127 1302 1157 1361 in

193 1405 361 1487 intestinis
398 1405 588 1481 Scolopacis
618 1406 813 1468 Rusticolac
844 1420 1005 1485 reperta,
1040 1405 1157 1465 lineam

193 1510 308 1592 longa,
332 1504 463 1586 spiritus
487 1504 521 1565 vi
543 1506 776 1573 fuscescentia.

303 1610 439 1669 Horum
471 1621 568 1687 caput
599 1629 756 1689 magnum
787 1610 993 1688 discretum,
1028 1602 1158 1670 entozci

196 1710 356 1776 contracti
382 1712 512 1771 tertiam
542 1723 738 1786 quartamve
768 1710 1001 1791 longitudinis
1034 1728 1159 1794 partem

197 1816 262 1880 sibi
284 1830 432 1889 sumens,
455 1830 537 1871 mox
549 1811 703 1891 cyathum
716 1811 848 1889 sistens,
872 1832 955 1872 mox
972 1812 1159 1897 irregulare

197 1916 313 1999 magis,
336 1911 558 1992 inaequaliter
581 1913 740 1978 lobatum.
790 1915 912 1996 Corpus
935 1917 1067 1976 subtus
1091 1934 1161 1975 con·

199 2038 331 2092 cavum,
359 2017 457 2076 dorso
477 2033 634 2074 convexo
650 2020 724 2078 ovis
746 2018 859 2091 farcto,
883 2031 1089 2078 antrorsum
1103 2036 1161 2078 ma·

143 2127 145 2133 ’
199 2119 248 2202 gis
271 2139 441 2198 saepeque
467 2115 564 2176 valde
586 2129 805 2194 attenuatum
828 2118 924 2201 apice
946 2118 1089 2202 postico
1112 2121 1161 2180 ola

199 2235 293 2296 tuso,·
310 2240 395 2300 poro
420 2239 525 2299 parvo
552 2218 675 2284 exciso,

313 2339 393 2400 tias.
430 2333 622 2397 Rusticolae
644 2338 824 2416 specimina
846 2341 1006 2421 primum
1034 2344 1078 2402 ab
1102 2339 1161 2403 illis

201 2445 450 2525 Colymborum
474 2438 607 2499 diversa
630 2438 750 2517 habui,
778 2443 836 2502 sed
856 2440 1024 2502 anemius
1048 2446 1163 2505 collata

202 2549 320 2610 eadem
345 2561 417 2604 esse
439 2540 525 2611 vidi,
565 2559 634 2618 quo
672 2544 771 2604 etiam
794 2541 979 2621 pertinent,
1019 2544 1164 2626 quaein

202 2648 379 2725 Scolapace
408 2642 572 2703 Gallinula
602 2642 683 2702 olim
713 2644 853 2719 offendi,
883 2658 917 2706 et
940 2645 1028 2712 Ent.
1059 2652 1110 2711 Π.
1138 2664 1162 2715 t.

202 2770 237 2831 p.
269 2761 339 2823 342.
367 2749 440 2812 obs.
464 2757 498 2819 4.
529 2745 569 2804 ad
597 2743 836 2826 Amphistoma
863 2753 1163 2836 macrocephalum

202 2849 316 2916 retuli.

181 3090 183 3094 ¹
254 3022 288 3094 8.
314 3012 568 3106 Amphistoma
595 3012 812 3106 urnigerum
838 3015 880 3079 R.
908 3034 946 3080 n.
973 3037 1033 3108 sp.

313 3139 394 3202 Am.
414 3144 575 3205 Baansaa
596 3143 781 3223 'specimina
798 3142 976 3221 complura
990 3142 1088 3207 misit
1104 3159 1165 3208 tam

202 3241 242 3308 in
265 3247 380 3308 Ranae
401 3249 579 3308 esculentae
602 3258 701 3316 recto,
725 3265 825 3323 quam
847 3243 884 3304 in
894 3242 990 3307 illius
1007 3247 1166 3329 plurimo·

203 3367 281 3411 aum
304 3347 472 3411 viscerum
495 3346 705 3428 hydatidibus
731 3361 871 3427 reperta.

313 3467 377 3526 Illa
400 3464 565 3543 (intestini
587 3465 682 3540 recti)
706 3463 859 3543 candida,
882 3466 969 3530 duas
998 3485 1117 3539 tresve
1136 3472 1169 3535 li.

205 3583 285 3629 neas
308 3570 417 3645 longa,
439 3590 571 3648 corpore
594 3567 690 3628 tereti
714 3568 925 3646 subaequali,
957 3570 996 3633 in
1023 3574 1169 3656 nonnul.

205 3665 249 3728 lis
272 3666 396 3746 passim
420 3671 618 3746 constricto,
637 3665 737 3747 apice
760 3671 890 3732 caudali
918 3695 1008 3738 mox
1039 3682 1170 3752 obtuso,

206 3787 290 3834 mox
312 3779 472 3834 truncata.

313 3886 421 3953 eorus
442 3892 570 3979 anticus
587 3907 729 3973 magnus
749 3911 811 3977 pto
834 3894 967 3979 capitis
988 3881 1093 3969 varia
1111 3902 1169 3967 fot·
