2452 4478
447 272 501 322 ·.··
552 254 627 327 553
679 263 759 291 '‘¹'‘

495 364 500 386 1

122 426 204 476 ¹aum
238 401 367 490 apicem
400 403 590 488 protractis3
623 402 661 465 in
682 400 825 488 reliquis
855 398 963 488 major
993 425 1073 489 pars¹

121 511 201 573 nuda
224 523 285 576 est.

217 628 309 690 Tria*
334 626 518 710 specimina
548 624 689 688 mascula
718 625 832 690 vesica
863 629 993 690 caudali
1021 628 1069 690 in·

127 743 243 810 structa,
267 753 354 812 quae
376 732 410 793 in
434 732 569 793 duobus
593 729 772 809 pellucida,
788 731 823 790 in
840 730 936 793 tertio
960 730 1071 807 (mini-

127 837 312 917 mo).opaca
334 834 409 907 fuit.
462 835 505 894 In
543 832 607 893 illis
647 833 803 912 superior
831 836 965 896 vesicae
994 819 1070 913 par's

128 935 243 1020 turgida
266 950 300 998 et
321 934 492 1018 pellucida
514 937 665 997 sacculos
690 939 774 996 dnos
788 935 973 998 anteriores
992 927 1071 994 'sub-

129 1038 276 1120 globosos
299 1050 333 1100 et
361 1055 442 1099 vasa
471 1038 653 1112 nectentia,
691 1042 819 1120 reliqua
856 1055 968 1100 autem
994 1056 1069 1119 pars

131 1137 263 1201 tunicam
285 1142 378 1219 quasi
403 1140 583 1220 collapsam
609 1155 642 1202 et
653 1143 883 1223 complicatam
899 1139 1082 1222 exlribuita.

133 1262 163 1303 an
189 1241 273 1303 haec
302 1241 414 1303 forsan
453 1244 495 1302 ob
532 1243 709 1304 humorem
740 1266 782 1306 ex
810 1246 923 1306 vesica
951 1242 1072 1322 partim
1173 1257 1176 1264 ’

134 1365 292 1429 egressum
316 1346 388 1406 talis
412 1341 519 1407 facta?
562 1348 616 1406 Ex
648 1346 741 1424 apice
765 1346 915 1427 corporis
940 1341 1071 1404 caudali
1143 1413 1151 1431 ,

134 1446 235 1510 ductus
256 1450 402 1510 vesicam
423 1465 540 1528 petere
564 1448 712 1516 videtur.

170 1630 229 1716 47.
253 1621 590 1712 Echinorhyncbus
616 1625 743 1696 Pristis
769 1627 812 1696 R.

222 1768 481 1853 lepidissimam
501 1773 646 1852 speciem
670 1775 752 1837 Ent.
774 1776 824 1837 IL
843 1792 871 1839 1.
894 1791 929 1857 p.
951 1787 1072 1852 appan

136 1869 174 1943 36.
189 1875 377 1937 secundnm
401 1873 567 1954 specimen
593 1876 764 1958 descripsi,
789 1879 882 1958 quod
899 1875 1072 1959 Gryphiae

136 1965 214 2055 Majo
237 1975 274 2037 in
303 1974 468 2038 intestinis
497 1977 617 2039 Esocr's
646 1981 783 2041 Belorrz'a
811 1980 998 2042 solitarium
1025 1999 1074 2042 re·

137 2075 202 2154 peri,
223 2078 307 2138 duas
329 2069 440 2141 tertias
462 2079 593 2159 pollicis
615 2097 724 2161 partes
741 2084 893 2165 longum:
923 2081 1074 2144 Arimini

138 2192 232 2240 autem
253 2177 367 2258 Aprili
390 2184 425 2242 in
448 2180 612 2264 intestinis
635 2185 768 2244 alterius
789 2186 937 2246 Scombri
968 2186 1073 2248 Scom-
1130 2190 1147 2204 ”
1191 2169 1192 2174 ¹

139 2275 179 2340 in·
195 2285 368 2363 specimen
383 2283 588 2363 bipollicare‚
612 2285 648 2345 in
672 2287 737 2347 illis
763 2289 899 2348 alterius
923 2289 991 2348 duo
1017 2290 1074 2348 du·

139 2397 166 2442 os
183 2383 323 2464 pollices
345 2384 447 2446 tribus
473 2401 506 2448 et
529 2389 646 2453 decern
669 2385 768 2448 lineis
800 2388 1008 2469 superantia,
1039 2404 1074 2452 et

138 2477 265 2568 Neapoli
286 2487 390 2547 Junio
413 2485 450 2547 in
466 2488 531 2548 illis
548 2489 695 2552 Scombrr'
704 2487 813 2549 Colice
834 2488 972 2552 unicum
985 2494 1071 2562 duos

138 2580 258 2666 pollices
281 2607 409 2654 novem
430 2582 530 2652 lineis
555 2610 715 2671 superans
740 2577 878 2654 offendi.

226 2707 405 2772 Proboscis
425 2705 578 2783 linearis,
608 2724 714 2789 recta,
734 2707 861 2771 lineam
874 2711 1000 2794 longa,
1031 2717 1073 2776 al-

139 2805 182 2888 ba,
212 2809 418 2872 uncinorum
453 2807 642 2870 validorum
678 2814 827 2874 seriebus
855 2815 1072 2895 quadraginta

140 2913 315 2977 transversis
335 2912 471 2972 munita.
519 2911 637 2974 Collum
666 2915 810 2976 nullum.
865 2916 992 2998 Corpus
1020 2938 1073 3000 cy-

137 3009 310 3091 lindricum,
334 3011 491 3076 anteriori
514 3029 604 3094 parte
626 3012 660 3075 in
677 3019 817 3096 quadarn
835 3041 853 3080 a
868 3020 1072 3100 proboscide

140 3114 275 3182 distantia
296 3118 474 3199 paululum
495 3115 644 3190 crassius,
669 3135 817 3179 ceterum
839 3123 990 3202 aequale,
1013 3122 1073 3186 fili·
1167 3170 1170 3173 ι

140 3203 241 3298 lbrme,
272 3219 387 3284 lineae
417 3233 566 3300 quartam
601 3234 731 3300 partem
755 3221 915 3287 diametro
940 3223 999 3285 vix
1022 3245 1073 3287 su·

138 3308 256 3402 perans,
293 3321 399 3384 diltrte
427 3330 578 3394 roseum3
613 3321 706 3404 parte
735 3323 840 3386 antica
871 3338 935 3389 tres
964 3328 1071 3391 lineas

130 3421 221 3512 'longa
243 3425 396 3490 seriebus
416 3415 611 3501 aculeorum
624 3408 769 3487 ¹fortium
800 3427 1016 3507 (crassorum)
1038 3441 1074 3492 et

139 3527 385 3614 sanguineorum
408 3525 570 3606 obliquis,
593 3528 746 3605 remotis,
769 3527 951 3594 duodecim
973 3551 1072 3592 arma·
1161 3595 1163 3598 ,

141 3642 177 3705 ta;
193 3631 285 3715 apice
309 3629 436 3690 caudali
454 3630 586 3694 obtuso.

232 3750 313 3812 Obs.
330 3766 356 3810 1.
380 3748 486 3812 Series
508 3728 703 3815 aculeorum
723 3750 871 3834 corporis
891 3763 925 3817 et
946 3751 1071 3816 naticae

141 3859 165 3910 et
181 3852 329 3937 posticae
346 3851 450 3935 magis
469 3866 620 3922 remotae
642 3865 730 3923 sunt.
903 3844 905 3849 ⁸
