2408 4478
479 324 531 344 ..
584 292 702 407 628Ι
745 334 810 355 .-

216 578 262 643 K.
293 573 353 641 De
375 565 557 638 Entozois
581 570 658 642 vel
687 570 840 651 dubiis
865 578 925 651 rel
944 575 1015 651 fictir

152 756 226 829 624.
247 754 280 812 b.
301 748 417 811 Lente
439 748 484 812 de
504 750 558 815 Μ.
578 751 775 822 Brummr
800 758 823 822 i
843 762 897 829 M.
916 765 1015 825 Tuom

197 858 336 917 Rozrrr
352 850 454 913 obss.
472 873 531 914 sur
551 856 585 917 la
610 856 833 943 Physique.
879 864 969 928 Aot'rt
986 875 1015 943 ηε

199 970 382 1033 109-111.
403 954 492 1019 Tab.
520 974 548 1017 r.
569 957 650 1042 Εἲς.
676 968 715 1033 8.
739 966 767 1005 *
813 965 913 1030 Nihil
935 954 1015 1029 forsan

195 1070 473 1120 contrementem
492 1058 777 1143 lymphaticum,
812 1068 910 1150 cujus
929 1068 1015 1131 mariti

203 1160 323 1221 oculos
347 1175 464 1220 auctor
485 1161 646 1222 credulus
673 1164 874 1251 describit,
896 1173 1015 1254 cujusqot

202 1276 274 1323 tem
295 1263 459 1339 posticam
481 1283 554 1323 non
573 1260 761 1346 integram
785 1290 871 1335 esse
893 1275 982 1336 dolet.
1008 1271 1015 1330 1

193 1360 293 1425 zoon'
309 1361 430 1425 saltem
450 1384 524 1425 non
543 1376 614 1439 est,
650 1368 701 1428 ab
742 1370 897 1437 homine
915 1389 1015 1438 ceterum

197 1465 339 1547 jectum.

155 1566 233 1643 624.
256 1588 284 1629 c.
319 1563 448 1628 Vermi
473 1566 529 1629 del
551 1586 658 1630 cuore
682 1568 770 1634 vivi
794 1594 817 1637 e
839 1575 926 1641 veri.
960 1574 1015 1638 tto

201 1671 258 1732 del
279 1668 328 1734 1).
351 1667 460 1729 (hor.
480 1666 667 1731 errno
693 1674 874 1755 errm,
896 1678 1008 1742 ricevotr

200 1765 360 1848 Gennajo
384 1778 478 1840 1808.
520 1771 563 1831 In
584 1773 772 1839 Memorio
809 1781 848 1840 di
875 1777 1015 1844 Matemrr't

203 1875 241 1936 di
260 1869 373 1934 Fisica
393 1869 483 1932 della
497 1870 629 1936 Societi
651 1872 809 1942 italiana
833 1882 1015 1946 deliaseiero

199 1973 305 2038 XIV.
325 1972 367 2035 Ρ.
389 1987 420 2033 2.
454 1971 599 2062 Verona
627 1986 731 2057 1809.
764 1995 802 2058 4.
832 2006 868 2065 p.
893 1980 1015 2065 152-tit

199 2071 333 2142 Auctor
353 2070 391 2135 in
412 2073 502 2136 canis
525 2075 727 2142 ventriculo
756 2088 874 2148 cordis
899 2085 1015 2161 sinistro!

199 2194 278 2242 tuor
299 2174 462 2257 reperisse
485 2174 559 2241 vult
579 2199 723 2245 vermes
740 2199 877 2263 teretes,
900 2205 1000 2259 tenaces.

201 2283 294 2360 bros,
308 2278 511 2358 ssavicantes,
528 2293 660 2364 tenues,
674 2304 840 2365 quorum
852 2284 920 2354 h'int
931 2288 988 2353 dimi

199 2381 273 2444 bini
302 2380 471 2462 integrum
504 2383 627 2461 pedem
670 2389 777 2472 longi
810 2379 948 2458 fuerunt

197 2485 331 2546 collum
354 2483 481 2545 aliaeve
505 2502 615 2565 partes
644 2490 805 2555 discerni
835 2519 905 2558 non
926 2508 994 2576 potue

194 2585 288 2647 illius
310 2586 386 2645 loco
411 2585 497 2648 duae
524 2587 714 2667 particulae
747 2595 979 2680 linguiformes.

193 2687 283 2749 labia
312 2685 431 2758 credit3
462 2691 601 2752 caudam
637 2709 780 2758 acutam
810 2700 921 2766 fuisse.
959 2697 990 2758 Er

196 2789 266 2850 rius
300 2806 393 2870 parte
422 2793 588 2855 anteriore
616 2795 719 2857 filum
753 2802 873 2864 album
906 2799 978 2885 digiti

195 2890 286 2953 versi
309 2884 523 2974 longitudine
544 2897 805 2980 propendisse,
839 2907 927 2986 quod
942 2895 996 2984 prot¹

191 2994 302 3055 habet.
358 2991 493 3056 Auctor
519 2995 682 3061 historiae
720 3007 890 3069 naturalis
925 3007 980 3089 igno

193 3099 298 3155 simus
320 3093 393 3165 fuit,
416 3100 465 3157 uti
489 3097 671 3178 descriptio
697 3106 852 3188 evincit,
877 3123 992 3190 nequer

191 3213 432 3260 concrementa
450 3201 627 3280 polypum,
654 3223 698 3263 an
726 3206 876 3274 Filarias
896 3206 990 3273 viderit

191 3313 263 3359 tum
284 3313 349 3387 est3
373 3300 486 3382 capitis
512 3303 603 3363 enim
623 3301 778 3370 illorum
806 3331 942 3387 motum,
962 3304 993 3367 oli

188 3401 350 3461 servatori
374 3403 486 3464 visum
506 3402 618 3485 magni
642 3428 723 3470 non
748 3413 853 3478 facio.

148 3498 220 3574 624·
244 3501 277 3563 d.
301 3501 538 3588 Abhandlung
559 3507 648 3568 iiber
670 3509 859 3594 Wiirmer,
880 3505 992 3579 welche'

186 3620 252 3662 ner
273 3605 512 3670 Erdschnecke
534 3609 692 3672 entdeckt
728 3623 874 3683 worden
902 3614 965 3678 sind.

189 3702 336 3765 Aooosr
358 3709 515 3771 Antros.
558 3703 604 3772 In
627 3709 774 3783 Berlin.
801 3706 988 3785 Geseltschd

174 3803 296 3869 sorsch.
320 3809 481 3875 Freunde
513 3812 679 3896 Magazin
702 3818 752 3884 Β.
775 3825 848 3890 IV,
866 3845 896 3906 p.
914 3832 983 3896 292·

175 3904 260 3967 Tab.
282 3908 347 3974 IX.
369 3910 445 3996 Fig.
470 3930 609 3996 12-19.
627 3919 652 3960 ὓ
699 3921 867 3991 Entozoa
892 3936 936 3986 aut
