2452 4478
440 292 723 345 -att-

164 471 195 545 9.
216 447 348 524 Filaria
372 445 474 520 fusca
499 455 547 521 R.
569 473 608 520 n.
635 471 687 541 sp.

207 583 434 645 Pleuronectes
459 599 592 639 mancos
618 594 750 637 novem
781 572 931 658 Neapoli
957 580 1065 649 Junlo

125 704 219 748 mense
241 683 352 756 secui,
384 699 531 760 quorum
555 690 685 758 septem
708 675 838 758 aliquot
861 680 1003 748 Filarias
1026 687 1065 751 in

126 790 282 858 abdomine
306 786 426 845 liberas
450 781 636 862 gestabant.
711 863 713 867 y

207 891 366 985 Entpzoa
403 885 489 944 duos
523 882 565 943 ad
600 893 745 961 quatuor
781 880 927 964 'pollices
949 887 1064 972 longa,

125 991 391 1061 rufescentifusca‚
413 985 450 1046 in
475 1006 561 1064 aqua
582 983 704 1066 frigida
727 983 820 1062 (diei
845 976 955 1064 calidi,
979 991 1066 1054 Nea.

125 1095 200 1177 poli)
220 1114 301 1154 mox
324 1088 545 1161 dissiliebant,
568 1084 613 1147 ita
636 1098 674 1146 ut
695 1083 848 1147 intestini
871 1103 904 1151 et
927 1091 1067 1158 oviduc·

127 1213 201 1261 taum
222 1211 298 1279 pars
320 1191 428 1272 major
450 1190 508 1252 vel
530 1187 658 1264 minor,
702 1185 877 1250 interdum
898 1191 971 1256 fere
995 1217 1069 1261 om.

128 1301 181 1376 nia,
222 1300 426 1381 plerumque
459 1301 573 1352 tamen
608 1292 755 1370 integra,
796 1292 1068 1372 prolaberentur.

129 1404 206 1490 Quae
239 1398 370 1478 aliquot
391 1394 511 1458 diebus
535 1394 655 1473 elapsis
674 1388 805 1473 reperi,
828 1415 910 1454 mox
934 1396 1068 1479 spiritui

130 1506 184 1567 riui
203 1496 367 1572 commisi,
390 1512 459 1576 quo
480 1494 687 1575 factumest,
708 1507 746 1556 ut
757 1509 930 1576 rupturam
946 1512 980 1563 et
992 1520 1069 1583 pro·
1099 1576 1118 1591 ³

130 1605 236 1687 lapsum
260 1608 466 1689 averterem.
730 1603 731 1607 ’
933 1610 936 1617 ’

215 1702 387 1782 Utrinque
427 1696 566 1775 obtusa,
607 1694 796 1780 posteriora
833 1714 954 1766 versus
991 1718 1070 1774 atte-

132 1820 219 1887 mata,
238 1828 294 1872 ore
315 1817 354 1866 ut
377 1801 514 1866 videtur
535 1802 686 1886 integro,
710 1803 786 1865 satis
809 1824 930 1888 magno
955 1823 988 1873 et
1008 1811 1071 1875 im.

132 1929 232 1979 uerso.
490 1902 495 1912 ’

210 2005 409 2077 intestinum
432 2000 471 2068 ab
502 2027 560 2068 ore
580 2019 718 2070 rectum
747 2018 781 2068 et
809 2018 914 2072 tenue
935 2003 1067 2096 incipit,

130 2115 205 2180 brevi
221 2131 337 2179 autem
359 2109 471 2173 subito
494 2107 621 2169 latescit
640 2120 673 2171 et
696 2110 761 2170 tale
784 2129 904 2172 versus
926 2114 1069 2179 caudam

130 2220 346 2302 prolongatur,
389 2214 449 2273 ubi
479 2211 651 2289 angustius
689 2211 814 2273 factum
854 2212 995 2295 oblique
1026 2220 1069 2280 ad

132 2337 213 2381 anum
234 2321 359 2389 fertur3
382 2330 490 2378 totum
510 2312 643 2371 fuscum
664 2303 730 2388 est',
769 2335 886 2395 neque
909 2320 1004 2380 color
1026 2324 1070 2383 ab

130 2416 245 2505 ingestis
268 2421 392 2494 oritur,
437 2415 497 2477 sed
529 2425 659 2474 tantum
681 2430 837 2499 augetur3
881 2417 955 2501 ipsa
975 2422 1071 2486 enim

131 2520 185 2603 ejus
210 2522 325 2587 tunica
361 2534 499 2584 externa
527 2514 702 2592 suscessit,
746 2519 836 2603 vasis
861 2526 1071 2607 ‘punctisque

132 2626 194 2689 albis
218 2621 376 2710 insignis.
424 2616 610 2684 Intestino*
630 2618 789 2703 prolapso
817 2621 901 2685 cutis
931 2626 1072 2692 entozoi

132 2724 220 2792 albida
244 2727 434 2792 exhibetur.
483 2708 672 2785 Oviductus
699 2722 874 2786 tenerrimi
905 2726 974 2787 albi
994 2750 1072 2813 pro.

131 2820 183 2893 bn
200 2828 331 2897 vivatn'
341 2823 524 2909 quantitate
546 2821 742 2906 prodigiosa
762 2827 896 2890 fovent.

206 2930 338 2998 'Faetus
359 2950 439 3012 prae
461 2929 631 3000 omnibus,
655 2942 739 3006 quos
761 2925 798 2986 in
818 2916 972 2991 ento'zois
986 2922 1072 3015 vitii,

124 3030 182 3100 'hoa
199 3036 290 3120 privi
311 3034 452 3107 habent,
498 3028 592 3110 quod
620 3027 744 3089 canalis
775 3048 894 3090 eorum
919 3033 1071 3121 „cibarius

134 3132 224 3201 bucias
241 3138 314 3221 jam
336 3134 374 3197 in
396 3132 507 3194 matris
530 3128 659 3212 gremio
685 3131 893 3208 transluceat,
916 3153 994 3196 curn
1021 3159 1075 3203 ce.

135 3230 271 3325 teroquin
292 3235 599 3302 Nematoideorum
626 3218 742 3316 proles
770 3232 843 3297 fere
872 3247 945 3298 tota*
967 3240 1074 3320 pellu-

134 3338 188 3407 tida
219 3340 264 3406 sit
300 3357 417 3422 neque
450 3337 620 3401 coloribus
655 3337 912 3421 distinguatur..
944 3340 1074 3407 Confer

132 3446 262 3545 speciem
283 3438 532 3527 insequentem.

164 3593 199 3667 9.
223 3571 361 3651 Filaria
386 3556 581 3666 sanguinea
604 3569 649 3637 R.
673 3583 712 3636 n.
732 3588 785 3662 sp.
808 3563 1073 3668 Tab.1.Fig.r,

218 3698 389 3790 Cypriam
431 3697 560 3763 olberto
599 3694 744 3780 digitum
787 3694 910 3780 longus
955 3695 1073 3762 Martii

122 3808 147 3874 tl.
164 3808 272 3876 xlv.
298 3816 391 3879 1818.
414 3806 531 3866 allatus
554 3815 620 3880 est,
664 3800 761 3880 cujus
787 3798 1074 3882 pinnae-caudali

118 3910 238 3991 Filaria
257 3912 371 3977 inerat
392 3908 498 3985 viva,
522 3900 658 3969 ..sotoris
676 3901 1070 3984 sanguinei-,atomum

394 4036 396 4040 ·
732 4002 807 4068 Oa
