2452 4478
402 269 681 344 ...295-

55 416 131 483 tuor
153 435 232 483 cum
257 413 395 495 dimidio
412 415 552 502 pollices
575 421 710 502 longas,
737 414 899 501 formidas,
921 408 1014 504 qutte¹

51 542 157 601 aquae
179 520 394 595 commissae,
425 542 549 604 paucos
580 523 715 604 citoque
744 536 908 586 cessantes
935 544 1006 586 mo·

51 637 102 684 tus
116 623 309 696 ediderunt,
323 623 407 686 dum
419 623 688 707 Tetrathynchus
701 638 886 687 attenuatus
900 645 1003 704 quem
1036 664 1041 673 ·

52 725 87 784 in
109 724 264 804 ejusdem
287 721 411 785 bestiae
431 726 614 790 abdomine
636 727 746 810 reperi
775 747 834 807 per
856 725 1004 787 triduum

54 822 155 897 vixit,
190 824 467 906 Bothriocephali
502 840 613 891 autem
638 829 676 891 in
708 809 798 893 recto
821 828 880 913 nel
902 825 1002 906 hujus

57 924 236 994 tuberculis
280 926 375 992 obvii
408 930 549 994 nullum
576 929 665 994 vitae
700 933 836 1012 signum
869 927 1005 990 manite-

59 1039 191 1092 starunt.

157 1159 330 1224 Ascaridis
364 1177 498 1227 nostrae
526 1176 628 1246 caput
650 1161 912 1241 subdiscretnm,
933 1167 1002 1235 val·

62 1259 145 1324 vulis
165 1263 269 1325 tribus
293 1262 541 1328 distinctissimis
565 1266 701 1328 obtusis.
746 1268 876 1356 Corpus
899 1267 1001 1327 utrin-

63 1381 120 1440 qne
141 1364 247 1446 magis
270 1379 381 1428 tamen
402 1379 589 1428 antrorsum
618 1379 834 1431 attenuatum.
883 1360 1002 1432 Gauda

63 1471 152 1528 moris
173 1465 306 1542 intorta,
330 1465 431 1548 apicis
454 1467 566 1528 obtusi
587 1469 708 1550 papilla
718 1469 859 1532 minima
875 1470 1000 1546 conica,

65 1581 131 1630 ante
154 1589 257 1650 quem
279 1567 405 1649 spicula
427 1570 496 1630 duo
512 1568 656 1632 incurva
671 1573 895 1655 longiuscula,
923 1570 1000 1634 Cau-

64 1663 264 1754 deseminare
286 1669 379 1751 apice
398 1671 504 1752 longo
534 1671 743 1737 tenuissimo,
757 1675 912 1739 subulato
946 1672 1000 1743 de·

63 1787 181 1851 presso.
222 1773 346 1852 Neque
370 1792 438 1835 ova
457 1792 570 1854 neque
591 1773 706 1835 foetus
724 1772 810 1842 vidi,

160 1907 240 1970 Obs.
258 1904 450 1987 specimina
471 1930 489 1970 2
510 1909 570 1973 cel.
585 1908 792 1971 Srnnnnrnnr
812 1917 944 1990 accepta
962 1904 998 1970 ii-

65 2004 94 2065 iis
115 2029 133 2069 a
154 2031 208 2070 me
229 2011 366 2089 repertis
387 2009 519 2071 min'ora
531 2021 565 2080 et·
583 2008 772 2072 habitaculo
784 2007 822 2071 in
843 2011 996 2072 tubercu-
1037 2062 1040 2068 .

65 2104 95 2166 lis
118 2111 369 2189 quodammodo
392 2111 534 2180 alienata
554 2110 724 2176 videntur.
772 2113 852 2194 Ipse
880 2113 916 2171 in
942 2107 1001 2172 Xi-

65 2207 152 2286 phiae
173 2212 354 2275 tuberculis
375 2213 514 2275 nonnisi
533 2213 845 2296 Bothriocephalos,
868 2212 932 2275 sed
950 2209 1000 2272 in·

65 2307 167 2374 feriori
186 2313 336 2376 intestini
353 2316 449 2395 loco,
471 2317 597 2398 reperi,
627 2315 709 2376 dum
732 2315 790 2377 itta
816 2311 998 2377 Ascarides

67 2411 259 2481 continentia
291 2414 456 2499 superiori
489 2417 672 2481 occurrisse
708 2416 880 2481 videntur.
945 2416 999 2487 Gl,

64 2509 150 2576 Rrsso
172 2516 418 2599 (Ichthyologie
442 2519 485 2582 de
501 2520 587 2584 Nice
609 2519 754 2602 p.1oo.)
775 2538 811 2607 se
831 2517 868 2579 in
884 2512 998 2599 Xiphi-

65 2631 145 2675 arum
166 2618 358 2680 ventriculo
380 2620 511 2701 copiam
532 2625 711 2684 maximam
739 2619 906 2684 vermium
929 2616 998 2682 eii·

63 2733 194 2794 gnorum
217 2719 408 2792 albidorum
438 2721 572 2786 cellulis.
594 2721 807 2793 inclusorum
832 2719 997 2802 reperisse
1058 2791 1061 2798 ,

29 2896 34 2901 ἱ
63 2817 158 2896 refert,
181 2822 276 2902 quod
297 2842 367 2893 rem
388 2821 573 2891 confirmet,
617 2820 716 2907 Quae
747 2823 796 2895 de¹
812 2820 997 2885 irritatione

62 2912 364 2994 horum'vermium
393 2921 553 3007 Xiphiam
580 2941 740 2985 voracem
769 2936 802 2986 et
830 2908 996 2990 tortorum.

10 3106 12 3115 Ι
62 3022 213 3107 reddente
235 3023 335 3104 addit,
357 3020 587 3113 imaginationi
611 3024 785 3105 debentur,
810 3021 864 3089 cui
885 3024 928 3095 cl.
942 3023 999 3093 vir

10 3128 12 3137 '
62 3137 148 3206 saepe
169 3123 334 3209 indulget.
952 3120 955 3125 ’

98 3260 159 3380 fii.
184 3301 321 3372 Ascaris
347 3303 485 3378 clavate
509 3307 560 3379 R«

148 3459 236 3530 Am,
258 3465 380 3531 Grion
413 3467 494 3530 duas
522 3461 702 3531 Ascarides
725 3465 818 3532 dedit
837 3462 876 3533 in
907 3450 996 3532 ord

52 3568 209 3649 morungi
229 3568 408 3631 abdomine
429 3589 450 3630 a·
466 3587 502 3634 se
523 3582 682 3650 repertas,
706 3572 844 3635 alteram
869 3565 996 3645 decom.

50 3670 182 3735 alteram
217 3669 471 3751 quatuordecim
504 3669 613 3738 tineas
646 3675 786 3758 longas,
824 3666 999 3748 sentinat.¹

47 3791 85 3836 an
106 3769 281 3856 propriam
304 3769 475 3854 speciem?

146 3892 259 3975 Caput
280 3889 460 3957 discretum
485 3889 648 3967 oivalvo
680 3893 812 3978 Corpus
840 3891 1000 3979 utrinque
