2452 4478
586 267 646 314 ·-’-·-
698 274 770 348 352
826 268 877 312 *-

256 427 318 489 tim
341 439 434 508 parte
457 426 545 487 ultra
575 426 657 487 duas
686 424 799 488 lineae
822 423 933 488 tertias
960 420 1073 512 partes
1102 444 1199 500 crassa,

257 530 376 590 albida.

364 647 542 711 Prohoscis
565 645 702 727 exigua,
726 647 879 718 linearis,
909 641 1045 707 uncinis
1070 641 1107 711 in
1128 658 1198 707 utro·

258 768 325 837 que
349 749 540 837 specimine
564 749 676 814 minus
698 752 787 813 bene
817 745 1072 832 dignoscendis3
1098 747 1198 808 'collum

256 851 409 924 nullum3
432 855 578 932 corporis
601 853 673 914 se're
697 851 836 912 obovati
860 867 933 937 pars
955 849 1062 909 antica
1084 850 1197 931 subglo

256 956 350 1030 bosa,
374 956 570 1021 aculeorum
588 953 792 1035 exiguorurn
805 952 957 1014 seriebus
968 949 1121 1041 plurimis
1136 949 1197 1015 den·

256 1055 385 1121 sissime
408 1069 546 1128 armata3
579 1076 655 1137 pars
689 1055 858 1143 posterior
893 1057 985 1116 nuda
1014 1069 1131 1119 versus
1150 1047 1197 1131 api·

257 1180 331 1227 cem
355 1159 529 1227 caudalem
554 1157 824 1222 obtusiusculurn
850 1154 1020 1220 decrescit.

364 1279 516 1357 Corpore
544 1274 685 1341 dissecto
718 1277 895 1343 innumera
924 1266 1193 1359 ovulorumeopia

256 1377 441 1451 sistebatur.
509 1378 603 1437 Haec
645 1380 794 1453 linearia,
838 1377 996 1458 utrinque
1033 1372 1190 1461 pellucida,

254 1479 490 1563 magnitudine
514 1480 659 1555 diversa,
688 1497 725 1542 ut
754 1481 919 1561 quaedam
941 1479 1087 1546 aliorum
1106 1472 1189 1556 longi-

256 1583 374 1645 tudine
398 1583 505 1662 duplo
530 1583 675 1662 triplove
698 1594 944 1663 superarentur.
988 1583 1086 1648 Inter
1107 1576 1188 1640 ovula

256 1684 465 1771 placentulas
489 1703 629 1763 quoque
649 1684 771 1765 reperi,
791 1685 834 1755 de
848 1683 967 1764 quibus
981 1685 1062 1749 Ent.
1079 1679 1156 1745 vol.
1167 1690 1188 1740 1.
1219 1766 1221 1779 Ι

256 1809 292 1877 p.
313 1800 385 1864 293·
410 1785 474 1869 ssi·
1219 1786 1221 1791 ’

364 1903 495 1969 Confer
517 1906 589 1973 obs.
618 1904 800 1973 secundam
826 1906 869 1970 ad
897 1903 1054 1988 Speciem
1078 1916 1187 1986 praest·

258 2009 405 2078 dentem.

265 2244 268 2249 .
312 2182 371 2267 46.
397 2184 732 2274 Echinorhy'nohus
758 2185 915 2276 Hystrix
930 2189 1076 2255 Bitenas}
1098 2205 1131 2256 n·
1150 2198 1186 2267 ⁵1³·

365 2329 447 2394 Am.
471 2332 634 2394 Bnausmc
655 2333 691 2394 in
722 2332 887 2395 intestinis
917 2333 1073 2395 Pelecani
1096 2323 1188 2388 Carbo·

257 2438 311 2496 nis
334 2435 436 2494 semel
461 2437 618 2511 unicum,
643 2436 802 2517 deinceps
827 2453 937 2497 autem
960 2433 1116 2510 (Martio)
1135 2429 1188 2510 plu-

256 2534 341 2596 rima
363 2537 487 2614 reperit
511 2537 708 2617 specimina,
735 2561 880 2621 quorum
909 2538 1084 2615 complura
1111 2538 1188 2596 bene·

256 2638 339 2699 vole
357 2658 490 2701 mecum
514 2643 788 2714 communicavit,
813 2644 896 2712 alba,
920 2639 1150 2716 sesquilineam
1160 2629 1190 2693 ad

258 2751 324 2800 tres
350 2740 456 2802 lineas
479 2742 596 2820 longa,
628 2759 722 2824 parte
753 2740 902 2807 crassiori
936 2741 1079 2814 lineam,
1116 2728 1189 2799 tenui

256 2855 370 2904 autem
390 2842 447 2902 vix
464 2843 565 2923 hujus
590 2862 739 2925 quartam
763 2861 891 2928 partem
912 2844 988 2905 lata.

367 2962 542 3024 Proborcis
566 2963 756 3044 cylindrica,
778 2961 979 3042 inaequalis,
1008 2974 1101 3043 parte
1127 2954 1194 3019 scili·

259 3078 311 3127 cet
333 3064 498 3127 anteriore
522 3086 623 3146 quam
642 3066 782 3146 reliqua,
799 3085 907 3145 aeque
920 3065 1032 3145 longa,
1051 3061 1194 3126 tenuiore,

259 3178 328 3227 tota
352 3166 482 3228 uncinis
507 3167 658 3232 recurvis
681 3165 869 3246 posteriora
891 3185 1009 3227 versus
1025 3164 1196 3247 majoribus,

259 3267 408 3330 sedecim
447 3269 573 3330 circiter
609 3269 759 3332 seriebus
801 3265 998 3329 transversis
1052 3260 1198 3349 dispositis

258 3385 391 3431 armata.
438 3371 557 3432 Collum
579 3372 778 3453 proboscide
801 3368 956 3444 breviuS‚
980 3367 1145 3440 conicum,
1164 3362 1197 3423 in·

258 3473 392 3533 terdum
414 3493 492 3534 cum
525 3474 727 3554 proboscide
755 3472 933 3536 maximam
967 3485 1098 3550 partem
1120 3481 1197 3531 retu·

259 3589 357 3644 ctum,
381 3575 523 3634 nudum.
569 3575 691 3657 Corpus
714 3592 807 3657 parte
840 3573 948 3636 antica
971 3571 1195 3634 crassissimum,

258 3690 378 3733 versus
422 3673 550 3758 apicem
591 3679 764 3748 caudalem
810 3674 966 3736 conicum
1012 3675 1196 3738 decrescens·

258 3769 372 3852 Apice
394 3779 583 3856 posteriore
607 3792 747 3859 excepto
783 3797 904 3862 corpus
932 3775 1059 3840 aculeis
1090 3765 1196 3855 exiguis

259 3873 391 3940 reflexis
427 3876 557 3957 horret,
598 3878 636 3946 in
672 3881 858 3967 specimine
894 3879 1038 3964 minbuo
1071 3879 1112 3947 ad
1138 3869 1193 3944 ulti·
