2408 4478
361 239 646 329 *bur-2

334 506 734 596 CaputI

214 646 818 714 Generalia.

126 804 302 868 Historiae
331 802 492 866 naturalis
523 797 634 863 studio
668 822 736 880 quo
747 754 962 886 longius
932 827 987 875 m«
1081 860 1083 867 .

25 911 167 989 tumbo,
196 929 236 969 eo
261 906 364 989 magis
395 905 610 968 Animalium
635 907 956 985 evertebratorum
947 931 988 980 ιη

25 1008 108 1073 duas
143 1029 277 1090 magnas
318 1012 436 1071 classes
467 1005 591 1070 divisio
614 1007 822 1073 Lruunrarm
843 999 985 1083 veritato

10 1106 88 1217 pua
106 1111 264 1183 omnibus
285 1113 351 1172 illis
372 1114 453 1173 class
441 1109 693 1173 ificationibus
705 1113 985 1193 praeferendam

14 1184 141 1291 detur,
172 1234 256 1294 quae
286 1211 456 1275 Mollnsca
485 1229 518 1276 et
535 1213 752 1294 Zoophyta
742 1228 832 1278 anter
855 1218 985 1287 Crusta-

10 1332 103 1392 εει,
133 1315 351 1380 Arachnidea
374 1332 407 1379 et
434 1319 570 1378 Inseota
598 1315 799 1387 intermedia
826 1337 900 1381 esse
924 1328 988 1380 v'o
1046 1340 1048 1343 ·

10 1414 111 1482 lunt.
156 1421 255 1482 Haec
277 1440 389 1499 porro,
413 1421 570 1481 omnibus
595 1416 657 1481 rite
676 1420 904 1495 consideratis,
922 1423 986 1502 pri.

10 1540 104 1598 mo,
138 1542 205 1601 quo
228 1521 401 1593 Lmrrnaus
422 1521 535 1601 posuit
562 1522 655 1594 loco,
688 1519 914 1601 relinquenda
937 1528 990 1589 vi·.

10 1622 169 1699 lentur,
209 1636 327 1702 utpote
358 1620 408 1685 rei
430 1611 581 1692 maxime
606 1621 809 1698 essentialis,
843 1623 987 1689 sensori't

10 1724 221 1789 :ommnnis
252 1740 284 1786 et
307 1724 491 1806 systematis
514 1722 637 1786 nervei
660 1724 880 1801 evolutione,
913 1728 994 1791 adet

10 1848 119 1909 »que
142 1825 311 1902 sensibus,
341 1841 480 1906 arteque
503 1838 537 1888 et
565 1823 731 1898 industria
753 1825 870 1889 ceteris
893 1849 988 1908 praev

10 1929 198 1999 rtantiora.
838 2009 839 2013 Ἰ

35 2088 38 2093 .
136 2029 379 2112 Cephalopoda
401 2027 548 2090 Cuvrmrr
558 2025 712 2089 Piscibus
730 2028 893 2109 ,proxima
907 2050 982 2096 esse

10 2135 251 2207 :contendenti
271 2130 371 2193 facile
392 2131 458 2191 hoc
482 2131 720 2203 concederem,
745 2130 801 2199 sed
828 2137 988 2211 quemad.

10 2238 177 2309 uodum
201 2235 290 2296 inter
309 2231 466 2312 animalia
493 2236 680 2296 vertebrata
700 2230 805 2295 series
826 2236 988 2317 genuina,

10 2355 184 2413 :atenam
205 2335 317 2397 dicere
344 2337 514 2414 amabant,
543 2339 582 2397 ab
606 2331 748 2395 homine
777 2335 817 2395 ad
840 2339 986 2418 piscium

10 2441 170 2505 lltimos
204 2437 415 2510 descendeus
451 2457 524 2497 non
559 2440 775 2508 observatur,
810 2438 855 2498 ita
884 2440 985 2505 etiam

12 2558 117 2609 nter
140 2543 347 2603 evertebrata
368 2539 441 2600 talis
457 2541 725 2619 exspectarinon
738 2538 848 2612 debet,
871 2560 986 2622 neque

10 2640 225 2719 ‚juvenitun
245 2624 312 2704 ¹sed
342 2663 361 2701 a
382 2639 537 2721 Piscibus
557 2645 597 2702 ab
621 2642 725 2703 altera
744 2654 837 2721 parte
859 2642 993 2706 Crusta-.

10 2769 111 2823 wa,
135 2743 357 2807 Arachnidea
379 2756 413 2807 et
435 2744 578 2824 Insecta,
606 2746 648 2808 ab
672 2745 773 2805 altera
796 2761 880 2811 vero
902 2758 989 2811 stant

10 2850 213 2922 Mollusca,
235 2845 412 2908 Annulata
429 2859 463 2908 et
486 2843 676 2927 Zoophyta.

37 2991 46 3027 ;
119 2949 289 3011 ·Vermes
312 2947 360 3009 sic
380 2948 485 3011 dictos
505 2947 722 3010 Linnaeanos
744 2943 833 3009 inter
861 2966 896 3009 se
919 2952 988 3013 vul·

10 3054 164 3136 {opere
187 3049 329 3124 differre,
353 3069 434 3110 mox
456 3052 517 3111 sub
540 3051 658 3111 oculos
682 3047 777 3123 cadit,
807 3049 869 3112 sed
886 3071 988 3133 gene.

10 3158 108 3229 :alis
131 3168 242 3214 tamen
265 3151 556 3231 quidamhabitus
580 3171 699 3215 omnes
723 3151 810 3215 inter
835 3156 987 3221 observa·

10 3276 96 3343 ωε,
120 3269 153 3316 et
175 3255 317 3336 Hydrae
341 3254 484 3335 pusillae
507 3254 644 3317 brachia
671 3255 744 3317 fere
768 3255 886 3317 eadem
908 3274 996 3323 sunt.

10 3380 63 3429 ιο
98 3354 237 3437 Sepiae;
274 3357 510 3438 Botryllorum
542 3355 741 3419 animalcula
761 3353 987 3434 Ascidiarum,

10 3458 208 3531 [nfusoria
233 3457 326 3521 varia
352 3458 607 3532 Entozoorum,
633 3454 811 3523 Annulata
835 3456 990 3542 (lirropo-

11 3568 128 3643 fium,
160 3563 330 3624 Planarias
359 3559 575 3623 Hirudinum
607 3560 740 3621 aemula
777 3557 988 3642 invenimus,
1023 3573 1025 3576 ’
1113 3617 1118 3626 .

10 3668 97 3733 §lia
121 3678 277 3727 sexcenta
299 3677 336 3726 ut
357 3676 495 3738 taceam,
518 3661 675 3743 interque
686 3663 856 3725 Mollusca
879 3679 912 3727 et
925 3668 989 3729 Zo-

10 3767 162 3854 bphyta
186 3764 407 3827 Radiatorum
438 3768 548 3832 multa
566 3767 753 3828 transitum
783 3764 989 3847 permittunt.
1074 3803 1077 3807 ⁴

10 3868 114 3941 Pari
136 3869 241 3932 modo
266 3869 444 3969 Crustacea
459 3890 539 3953 ,ope
561 3866 801 3935 Arachnidum
831 3890 909 3935 cum
933 3873 990 3935 In·
