2452 4478
531 283 817 360 ..253-

190 466 300 513 unam
322 457 399 504 cum
421 430 562 496 dimidia
582 436 773 514 absolvens,
817 441 869 502 ala
892 437 1056 525 utrinque
1073 445 1132 520 lua,

192 550 326 619 radiata,
349 539 480 623 spiculo
503 535 721 619 longissim03
752 538 848 621 apice
871 544 1000 608 caudae
1021 546 1133 611 brevis·

189 657 276 716 simo
294 644 388 707 nudo
411 644 502 714 (non
523 641 638 714 alato).
676 717 681 724 ι
710 640 846 705 Caudae
872 640 1039 734 femineae
1064 669 1129 732 apex
1164 668 1168 717 ¹,

190 756 381 846 depressus,
404 740 634 816 rectiusculus‚
657 742 849 808 subacutus.
879 780 882 785 >

295 869 382 932 Obs.
414 862 572 923 Entozoa
612 859 723 925 obiter
763 859 917 943 inspecta
954 865 1052 932 facile
1078 888 1125 952 pro

183 968 372 1052 Strongylis
387 961 504 1027 haberi
521 977 675 1044 possent,
700 965 760 1028 sed
782 966 856 1029 alae
877 966 1046 1049 laterales,
1064 972 1124 1052 (na

184 1098 254 1160 que
274 1076 373 1134 bursa
396 1059 600 1144 terminalis)
622 1069 715 1146 apice
738 1068 864 1131 caudae
882 1071 991 1147 nudo,
1013 1072 1123 1156 Spirop·
1150 1068 1153 1073 ’

88 1239 94 1252 ,
182 1192 286 1242 teram
309 1189 383 1236 esse
406 1165 581 1230 evincunt.
644 1168 815 1255 Strongyli
843 1170 944 1236 etiam
966 1175 1120 1239 crassiores

183 1300 258 1347 esse
281 1277 403 1338 solent.

229 1445 265 1519 4.
292 1420 508 1527 Spiroptcra
534 1442 660 1501 nasuta
686 1426 730 1506 R.
754 1454 792 1502 n.
817 1452 872 1528 sp.

283 1584 475 1681 Specimina
497 1596 672 1680 complura
693 1589 730 1654 in
745 1595 923 1676 Fringillae
938 1599 1115 1666 domesticis

176 1699 368 1770 ventriculo
390 1699 463 1776 (cui
479 1699 619 1762 firmiter
631 1690 855 1774 inhaeserint)
877 1717 1010 1782 reperta
1026 1705 1115 1772 Basr-

175 1814 274 1871 'srrnns
296 1818 433 1864 mecum
456 1798 738 1872 communicavit.
783 1799 866 1862 duas
893 1821 972 1868 cum
997 1803 1114 1872 dimidia

175 1910 218 1986 ad
241 1919 385 1989 quatuor
405 1902 513 1966 lineas
534 1896 649 1988 longa,
669 1903 754 1975 alba,
778 1897 934 1986 disparia.

281 2008 397 2069 Mares
427 2005 587 2087 utrinque
622 2004 809 2086 aequaliter
843 2021 877 2068 et
903 2024 1025 2090 parum
1054 2022 1112 2073 aas

172 2115 276 2184 nunti,
302 2111 408 2189 capite
433 2107 653 2182 acutiusculo,
682 2128 742 2170 ore
763 2108 925 2191 simplici;
961 2110 1109 2176 caudaia
1156 2118 1168 2187 1,

170 2220 255 2306 Ι(Ιιιιιε
278 2227 391 2273 tresve
414 2209 517 2290 spiras
539 2211 672 2287 intorta,
714 2210 875 2293 utrinque
898 2217 994 2294 alata,
1035 2196 1109 2299 apice
1165 2190 1168 2205 ¹

171 2314 393 2383 acutiusculo.
437 2309 612 2392 Spiculum
633 2334 706 2374 non
728 2311 813 2376 vidi.

209 2470 212 2474 .
279 2419 426 2479 Feminae
449 2428 482 2477 et
504 2412 676 2496 longiores
700 2427 732 2476 et
758 2413 1012 2496 (potissimum)
1045 2433 1107 2480 crae
1166 2470 1168 2477 .

169 2524 287 2602 riores,
309 2520 487 2596 utrinquae
510 2506 674 2593 inflexae,
718 2505 909 2578 antrorsum
943 2520 1105 2592 tenuiores.

168 2625 269 2711 apicis
293 2615 440 2684 caudalis
463 2620 602 2700 cuspide
624 2620 808 2679 incurvata.

220 2753 223 2756 ·
274 2725 359 2787 Oba.
381 2717 443 2786 An
465 2737 564 2804 caput
586 2722 831 2784 acutiusculum
843 2720 957 2786 visum
970 2720 1103 2788 acumina

167 2833 328 2916 papillam
347 2824 482 2910 proditi
513 2819 594 2906 Ipse
615 2827 716 2888 talem
740 2825 897 2908 detegere
920 2849 995 2892 non
1013 2824 1102 2915 potui·
1165 2856 1168 2863 ·

216 2988 251 3062 5.
280 2968 492 3067 Spiroptera
516 2960 668 3059 laticeps
694 2961 739 3037 R.
764 2990 800 3036 n.
826 2982 881 3063 sp.

248 3104 293 3165 In
325 3101 478 3162 Falconis
509 3095 706 3178 Lagopodis
745 3097 941 3180 oesophago
973 3110 1100 3184 repertas

163 3231 227 3275 am.
255 3206 418 3284 anusnn
439 3200 646 3280 Spiropteras
669 3199 852 3259 masculam
877 3214 910 3262 et
925 3202 1098 3270 femineam.

160 3317 252 3377 illam
276 3321 424 3379 tenuem,
470 3316 630 3382 quatuor,
671 3293 759 3362 hanc
781 3303 1036 3366 crassiusculum
1054 3315 1098 3366 rc!

161 3434 194 3483 et
218 3414 309 3496 quod
333 3403 479 3472 excurrit
499 3406 606 3467 lineas
628 3405 777 3487 longam.

224 3523 227 3528 '
267 3514 388 3590 Corpus
410 3512 544 3582 alatum,
567 3509 832 3589 subsagirratum,
851 3503 1045 3574 membrana
1062 3523 1097 3570 a·

159 3620 236 3705 pitis
257 3609 384 3680 laterali
406 3609 591 3692 posteriora
607 3630 726 3673 versus
751 3616 847 3693 apice
867 3616 989 3676 obtuso
1013 3612 1095 3676 unu·

158 3745 224 3806 que
248 3726 410 3783 exstante.
475 3711 554 3774 Oris
581 3713 721 3792 papillas
747 3732 819 3776 non
841 3713 924 3778 vidi.
994 3715 1095 3796 Corpa!

156 3823 323 3888 anteriora
343 3832 462 3878 versus
486 3815 590 3894 magis
609 3832 822 3887 attenuatam,
869 3821 990 3882 Gauda
1010 3812 1094 3882 mavit

156 3929 229 3992 sere
250 3939 318 3988 tres
340 3923 444 4002 spiras
466 3920 666 4001 absolvens,
685 3925 883 3988 membrana
909 3920 1038 3991 laterali
1057 3924 1093 3982 te
