2408 4478
409 246 692 323 ...251-

62 405 240 475 tempore;
281 397 319 458 in
340 399 461 461 Esocis
480 398 584 463 Lucii
604 392 737 462 summa
762 400 834 464 tubi
855 398 1027 467 intestina-

60 495 107 556 lis
128 511 220 578 parte
243 499 331 580 Majo
357 501 407 561 bis
430 499 580 582 copiose,
626 499 664 564 in
691 504 780 564 Gadi
798 506 906 568 Lotae
926 507 1029 588 majo·

61 593 111 656 ris
145 612 216 658 toto
252 600 489 664 intestinorum
522 615 627 670 tractu
661 604 935 686 copiosissimum
955 609 1027 672 De·

34 689 38 693 ’
60 698 202 772 cambri,
223 701 395 782 Gryphiae
417 703 539 786 reperi.

173 799 328 865 Beroliui
359 804 464 866 Junio
502 825 620 869 mense
655 808 724 867 duo
748 808 933 890 specimina
957 828 1026 871 san·

60 899 200 983 guinea
222 917 288 967 tres
311 920 345 970 et
366 910 458 988 quod
482 908 627 970 excurrit
649 909 756 972 lineas
781 913 899 994 longa,
931 910 1027 974 ferni·
1121 995 1123 1000 ,

59 1023 139 1078 nea,
163 1007 271 1067 vulva
290 1010 392 1079 valde
414 1024 579 1084 exstante,
623 1013 766 1074 alterum
795 1010 954 1074 loetubus
976 1011 1026 1073 vi·

57 1102 118 1164 vis
141 1098 356 1186 instructum,
395 1114 490 1174 nulla
520 1129 656 1194 prorsus
678 1127 758 1173 nota
787 1135 805 1174 a
828 1115 1021 1176 Cucullano

58 1206 218 1286 elegante
246 1208 465 1295 discrepantia
491 1213 528 1275 in
553 1213 696 1300 cyprini
724 1216 824 1295 Aspie'
851 1229 946 1296 parte
973 1213 1023 1276 in·
1106 1256 1107 1260 =

60 1307 178 1371 cestini
200 1312 375 1392 superiore
399 1308 538 1388 offendi.

169 1411 358 1492 Specimina
390 1433 534 1497 quatuor
572 1417 609 1479 in
642 1418 820 1480 Muraenae
852 1416 1024 1498 Anguillae

58 1512 255 1576 'ventriculo
279 1531 313 1581 et
335 1519 499 1583 duodeno
526 1533 675 1602 reperta,
718 1507 779 1581 suis
810 1520 846 1582 C.
869 1518 1024 1581 coronati

51 1612 204 1676 nomine
225 1615 413 1691 Hiianssus
435 1624 533 1699 misit,
567 1623 627 1699 sed
649 1623 807 1696 omnibus
829 1621 919 1683 notis
942 1625 1030 1682 cum'

59 1720 101 1782 C.
126 1720 278 1802 elegante
308 1725 557 1800 convenientia.¹
608 1720 717 1805 (lapus
742 1723 862 1805 utique
891 1708 1031 1787 inerme.

59 1815 221 1881 dentibus
245 1819 383 1895 Goszro
406 1825 501 1891 dictis
522 1842 622 1892 caret.
901 1884 904 1888 ,

169 1918 213 1990 Ο·
248 1921 312 1982 FR·
349 1925 497 2002 Miliaria
535 1926 905 2012 Helminthologorum
936 1920 1021 1986 olim

59 2018 164 2082 decus
184 2023 328 2087 eandem
351 2027 498 2109 speciem
528 2032 565 2094 in
593 2029 697 2094 Perea
725 2053 844 2093 cernua
872 2026 1034 2096 detexits·

57 2125 219 2186 feminam
240 2126 276 2186 in
297 2125 464 2193 intestinis
487 2136 608 2197 Percao
629 2133 748 2213 Zingsl
773 2144 940 2215 repertam
960 2127 1019 2189 Ca-

57 2229 192 2311 talogus
212 2226 424 2303 Viennensis
447 2249 594 2316 mscptus
618 2235 731 2310 refert

166 2332 360 2414 synopseos
388 2338 520 2416 species
547 2338 609 2400 111
635 2351 670 2401 et
697 2335 820 2409 XVII·
848 2334 918 2398 huc
937 2327 1024 2417 pari,

57 2450 112 2498 ter
134 2435 247 2508 forsan
267 2435 450 2517 pertinent
522 2505 526 2510 ,

111 2591 147 2648 2.
173 2575 397 2658 cucullanus
422 2594 613 2652 truncatus
637 2585 684 2662 RQ
709 2605 744 2649 n.
770 2602 825 2674 sp.
885 2612 897 2641 r

163 2724 210 2796 In
229 2721 335 2796 Silari
357 2723 515 2787 Glanr'dr‘s
536 2722 704 2799 intestinis
728 2723 900 2808 Gryphiae
919 2722 1019 2786 Octo.
1113 2781 1117 2787 ,

54 2824 112 2888 bri
134 2827 244 2909 reperi
263 2839 298 2888 et
319 2827 354 2886 in
377 2825 483 2888 diario
507 2825 1019 2907 SocietatisBerolinensis(Ma-

54 2927 159 3012 gazin
186 2929 247 2991 der
276 2927 462 3021 Gerellsclr.
490 2928 622 2989 Naturf.
649 2928 808 2990 Freunde
842 2928 931 2993 Vol
947 2927 1017 2990 VI.

53 3052 92 3114 p.
115 3035 187 3110 88.)
210 3029 382 3112 descripsi

162 3134 238 3194 Mas
266 3132 402 3207 unicus,
448 3128 598 3211 quinque
625 3129 771 3196 feminae
796 3129 881 3192 mihi
898 3134 1015 3209 oblati,

53 3248 123 3299 tres
146 3237 187 3296 ad
210 3235 363 3318 quinque
390 3233 496 3296 lineas
527 3232 633 3316 longi,
660 3235 770 3317 primo
798 3234 924 3298 intuitu
944 3252 1017 3316 spe·

52 3336 122 3402 ciei
144 3339 360 3421 praecedenti
381 3334 554 3398 simillimi.

166 3441 278 3522 Caput
300 3442 476 3514 obtusum,
517 3441 639 3502 cucullo
664 3441 766 3515 ovali,
789 3434 1016 3520 longitudine-

49 3541 133 3604 liter
152 3541 276 3616 striato,
318 3539 427 3602 antice
449 3538 535 3601 striis
558 3540 687 3621 aliquot
711 3542 872 3605 brevibus
895 3552 1014 3616 retrorf

49 3662 130 3704 sum
152 3642 247 3705 flexis
269 3656 377 3717 aucto,
400 3641 484 3714 sive,
507 3639 628 3704 iisdem
650 3662 711 3724 pro
734 3642 906 3727 uncinulis
930 3662 1015 3703 surn-

48 3744 105 3820 tis,
121 3761 255 3819 armato,
272 3743 436 3827 apophysi
452 3743 510 3822 (in
528 3746 653 3806 cuculli
668 3744 737 3805 basi
748 3751 761 3820 )
772 3765 857 3807 mox
871 3742 1013 3826 aequali,

46 3867 133 3910 mox
156 3847 335 3912 denticulis
358 3860 503 3929 quatuor
531 3850 590 3928 vel
618 3846 770 3926 quinque
799 3846 939 3928 posticis
960 3844 1017 3903 ins
