2408 4478
567 274 744 354 -398
797 296 853 315 ··

226 448 294 509 que
314 424 500 510 prominet.
548 425 679 488 Totum
700 444 824 509 corpus
848 440 966 514 'supra
989 450 1028 499 et
1048 458 1184 525 poncpo

228 551 307 593 rum
336 530 522 593 ventralem
550 528 626 591 ovis
648 529 788 592 farctum
809 538 878 596 est.

276 738 337 818 75.
360 723 529 794 Distomrt
553 714 803 794 ventricosunt
827 728 877 797 R.
904 742 949 799 1'1.
972 754 1033 827 sp,

331 883 619 981 AriminiAprili
642 887 678 946 in
699 886 895 951 ventriculo
915 892 1070 977 Clupeas
1089 900 1177 963 nnn

225 988 372 1074 plurima
395 986 503 1069 reperi
527 990 715 1051 Distomata
731 991 1012 1075 appendiculata
1033 1020 1069 1063 n.
1090 1000 1173 1077 85,in

223 1094 316 1157 illius
341 1104 453 1153 autem
479 1087 640 1151 intestino
670 1090 802 1172 reliquo
835 1096 1117 1176 (appendicibus
1139 1126 1170 1167 es·

224 1194 343 1278 ceptis)
366 1211 531 1255 summam
557 1187 685 1273 copiam
708 1194 949 1260 Distomatum
981 1204 1054 1267 buc
1082 1206 1169 1270 facien

226 1299 320 1371 tium,
342 1292 517 1389 virorum,
539 1294 706 1377 alborum,
726 1296 859 1379 postica
883 1308 1013 1369 tamen
1036 1308 1168 1391 parturi

223 1392 475 1465 ridescentium.

330 1500 428 1561 Haec
452 1509 530 1559 sunt
557 1496 728 1560 dimidiam
756 1490 797 1561 ad
824 1492 914 1567 duas
940 1506 1065 1573 tertias
1087 1512 1165 1575 lineas

221 1618 330 1691 partes
353 1602 465 1682 longa,
489 1601 615 1677 teretia,
638 1623 703 1682 qua
716 1614 818 1683 po'rus
834 1610 1012 1673 ventralis
1039 1612 1163 1687 situsest

222 1721 343 1771 ventre
369 1700 600 1786 prominente;
628 1706 721 1786 apice
745 1704 877 1786 postico
911 1712 1065 1782 obtuso.
1110 1716 1164 1781 ant

221 1796 364 1895 globosi,
387 1807 517 1869 anticus
539 1805 721 1869 terminalis
741 1810 865 1875 minor.

318 1906 415 1973 Ante
437 1928 558 1990 porum
571 1909 758 1973 ventralem
781 1910 887 1973 cirrus
908 1904 1070 1999 exiguus
1081 1920 1162 1983 adetst

219 1998 387 2080 visusest
413 2022 534 2073 rectus.
585 2010 686 2076 Pone
715 2014 811 2107 illum
848 2035 993 2098 corpus,
1034 2020 1161 2104 quodit

218 2122 318 2184 nullo
351 2126 450 2178 autea
482 2115 742 2178 observaverant
771 2112 990 2197 Distomate,
1030 2124 1161 2205 deinceps

220 2236 336 2285 autem
356 2220 391 2277 in
416 2218 528 2296 specie
556 2214 757 2295 insequente
785 2215 931 2284 iteruin.
951 2226 1091 2307 reperi:
1118 2228 1160 2309 glo

217 2324 292 2387 buli
316 2318 474 2381 nimirum
498 2318 584 2390 du0‚
607 2320 669 2377 sub
692 2316 921 2402 microscopio
945 2322 1062 2408 nigri,
1089 2326 1160 2407 nigris

218 2419 419 2511 pedunculis
442 2418 534 2497 (illos
557 2418 770 2499 longitudine
784 2442 903 2501 parum
922 2426 1158 2508 superantibus)

219 2527 344 2608 angulo
367 2535 463 2583 acuto
494 2521 551 2581 vel
581 2522 700 2581 obtuso
729 2517 856 2602 postice
885 2528 1092 2609 conjunctis
1110 2526 1158 2590 iusi

218 2630 351 2702 debant,
374 2624 465 2687 varia
487 2619 669 2684 directione
685 2622 930 2701 obvenientes;
953 2631 1158 2713 utplurimum

215 2727 347 2816 globuli
370 2739 484 2790 exacte
501 2719 674 2804 sphaerici,
698 2722 869 2788 interdum
892 2730 1061 2796 minores
1085 2734 1158 2799 etio

216 2833 391 2915 aequales,
416 2828 597 2906 forsanque
621 2827 775 2909 collapsi,
803 2842 838 2888 ut
860 2834 1086 2910 peculiarem
1107 2854 1158 2899 ou·

214 2936 347 3001 riorum
369 2932 511 2994 formam
526 2927 672 2990 indicare
690 2929 873 2991 videantur.
904 2934 965 2996 Ob
994 2939 1157 3003 crassitiem

212 3034 341 3103 vermis
363 3049 475 3098 autem
498 3035 577 3094 vasa
599 3028 765 3094 anteriora
787 3031 876 3093 haud
902 3036 1002 3104 bene
1035 3036 1157 3106 discerni

213 3149 413 3224 potuerunt3
446 3133 573 3218 postica
603 3153 679 3216 pars
708 3133 783 3197 ovis
811 3135 972 3218 globosis
1007 3143 1155 3209 viridibus

212 3241 340 3324 repleta
362 3248 421 3302 est.

262 3429 322 3525 76.
347 3428 516 3501 Distoma
540 3425 774 3526 baccigerum
799 3432 895 3506 Iun.
924 3457 981 3529 sp.

315 3595 484 3657 Acherinis
506 3594 664 3676 Hepsets's
690 3614 749 3658 sex
774 3594 926 3676 Neapoli
948 3598 1056 3665 lunii
1079 3596 1155 3667 dx

208 3692 374 3773 dlasectis,
410 3693 446 3755 in
469 3716 568 3776 aqua,
599 3695 653 3757 cui
677 3694 808 3758 illarum
831 3695 1004 3764 intestina
1028 3704 1154 3769 imrnise¹

208 3817 294 3874 ram,
332 3798 507 3885 complura
537 3799 644 3881 reperi
674 3799 880 3873 Distomata,
917 3801 1102 3871 dimidiam
1127 3800 1154 3867 sd

205 3898 288 3960 duas
309 3896 420 3961 tertias
441 3898 552 3965 lineae
569 3918 696 3983 partem
715 3905 828 3986 longa,
848 3920 1011 3984 quartam
1035 3912 1154 3977 tenian
