2408 4478
500 270 813 364 ...596-

168 440 409 524 Tetrariyncho
425 447 601 499 atce1mat0
613 458 651 517 p.
675 451 769 521 449.
793 464 912 524 quem
922 441 999 525 (Asc

166 536 499 619 etBothriocephalis
511 540 774 606 intestinorum
783 544 954 623 mortuis)
963 546 999 607 inss

167 645 368 715 abdomine,
391 638 512 718 hepate
532 635 613 702 licet
634 644 796 724 putrido
824 648 999 729 undique«

167 772 218 832 te,
236 743 397 812 vividum
407 736 518 820 reperi
529 754 563 802 et
583 744 839 824 pertriduum
859 752 899 810 in
911 772 999 830 aqua!

273 842 414 925 Spiritus
434 842 512 903 vini
532 844 654 927 exigua
677 848 794 930 copia
809 870 924 932 aquae
940 853 999 914 addi

167 966 346 1018 tozoorum
365 944 457 1007 vitae
478 962 551 1002 non
563 942 760 1012 insidiosus
776 948 937 1027 videtur,
956 954 999 1015 sei

168 1046 415 1120 conservando,
431 1044 496 1105 illis
518 1046 609 1108 utilis
630 1048 713 1111 fieri
729 1068 874 1133 potest.
916 1056 999 1136 Neap

167 1172 239 1219 tem
266 1166 369 1229 quam
400 1150 436 1208 in
470 1148 696 1229 Coryphaena
724 1154 769 1213 N
770 1159 927 1220 ovacula
955 1156 999 1217 miz

167 1252 256 1319 centi
278 1249 318 1311 ad
342 1266 521 1329 vesperam
540 1250 649 1330 reperi
672 1248 916 1334 Ascaridem‚
940 1278 998 1335 neq

167 1351 340 1433 croscopio
364 1350 529 1429 subjicere
551 1351 665 1431 potiti,
700 1375 780 1434 quo
802 1361 914 1423 altero
936 1358 985 1420 die

164 1477 246 1519 nare
267 1442 545 1535 possem‚'aquae
567 1442 686 1532 spiritu
699 1456 786 1518 vini
807 1460 999 1542 impraegnat

164 1557 251 1636 misi,
272 1568 307 1618 et
328 1567 459 1635 praeter
487 1548 689 1633 opinionem
715 1576 829 1623 mane
860 1558 999 1625 vivamt

162 1652 362 1723 Praesertim
384 1668 495 1717 autem
517 1655 585 1735 legi
604 1674 799 1739 merentur,
822 1684 915 1744 quae
936 1664 999 1725 dea

163 1761 206 1821 de
226 1757 462 1821 brevieaudata
483 1768 517 1818 et
535 1753 634 1836 hujus
655 1762 758 1840 prole
781 1784 802 1825 a
824 1763 944 1847 spiritu
962 1783 997 1825 no

163 1858 208 1921 sis
228 1879 262 1940 p.
283 1862 358 1931 284.
379 1858 482 1919 relata
501 1870 591 1922 sunt·

272 1960 301 2037 §.
322 1975 355 2025 n.
375 1957 470 2019 Num
490 1958 654 2021 Entozuis
675 1966 866 2028 nonnullis
888 1964 954 2030 vita
969 1984 999 2027 nc

164 2063 244 2127 dem
264 2063 342 2122 loco
364 2059 578 2137 absolvatur,
609 2061 671 2124 sed
699 2066 865 2130 evolutio
895 2068 999 2133 alibio

162 2177 226 2247 gat,
249 2164 399 2242 quaestio
423 2163 512 2241 aqud
539 2181 595 2225 me
623 2179 740 2227 exorta
770 2173 812 2230 ab
838 2192 904 2231 am.
922 2170 999 2232 Bm

160 2262 525 2344 Helminthologorum
537 2265 669 2340 decore,
692 2268 843 2346 quidem
856 2272 971 2352 rejecta
986 2290 999 2330 e

160 2383 274 2426 reseos
294 2366 425 2425 macula
446 2379 560 2428 notata
583 2379 649 2441 est,
679 2369 730 2428 uti
758 2369 795 2432 in
822 2371 991 2435 Mantissae

160 2466 384 2544 praecedente
413 2466 521 2528 rutuli.
575 2466 656 2527 Non
687 2490 842 2550 possum
876 2492 990 2544 tamen,

159 2587 237 2626 rem
258 2565 342 2625 mihi
366 2569 465 2630 valde
477 2567 687 2648 probabilem
704 2571 820 2634 visam
845 2574 946 2638 etiam
957 2574 999 2633 hot

158 2668 339 2748 proferam,
362 2689 442 2729 cum
462 2666 747 2732 Anatomicorum
769 2689 805 2737 et
828 2677 999 2760 Physiolog

159 2772 320 2831 nonnulli
340 2770 453 2831 forsan
466 2770 552 2831 hanc
573 2784 700 2834 tantum
718 2776 913 2844 Mantissae
929 2778 999 2842 secti«

159 2872 319 2953 legerint,
353 2891 499 2951 quorum
518 2885 633 2936 tamen
659 2872 760 2937 istam
784 2881 878 2945 circa
898 2904 963 2947 rem
977 2879 999 2959 jt

155 2992 269 3036 carere
291 2975 433 3036 nollem.

260 3075 414 3153 Ligulam
434 3077 574 3156 piscium
601 3073 730 3143 scilicet
759 3081 998 3147 abdominalem

154 3193 259 3254 quam
280 3175 347 3236 nisi
366 3176 612 3259 homogeneam
631 3193 665 3242 et
687 3181 984 3265 simplicissimam,

152 3290 269 3340 autem
297 3281 408 3339 avium
435 3283 678 3360 aquaticarum,
706 3284 866 3368 piscium
888 3308 945 3354 esu
963 3289 999 3365 de!

151 3395 225 3453 um,
263 3378 506 3456 intestinaiem,
528 3400 609 3441 mox
631 3385 682 3443 uti
711 3387 752 3447 in
780 3388 933 3469 piscibus
959 3408 999 3452 oct

151 3488 233 3538 mox
253 3481 329 3558 plus
352 3480 467 3541 minus
494 3495 656 3543 mutatam
679 3485 916 3574 offendimus,
939 3490 983 3555 cui

153 3578 230 3640 talia
251 3580 409 3658 feminea,
430 3585 587 3658 mascula,
612 3584 696 3664 quin
721 3587 846 3671 ipsum
866 3610 958 3679 caput
970 3614 999 3655 ev

152 3672 230 3742 sint.
281 3680 495 3746 Piscinarum
529 3705 612 3748 vero
645 3687 867 3771 Ligularum
895 3715 999 3761 macera

151 3775 211 3835 vel
232 3781 416 3846 anatomica
438 3784 676 3865 disquisitione
701 3794 801 3860 nihil
827 3816 999 3886 organorum

149 3877 405 3960 annuentium
434 3885 618 3974 detegitur,
653 3898 858 3978 quominus
891 3904 998 3992 figulo
