2408 4478
530 305 581 326 ...
634 280 708 355 242
764 308 828 329 ...,

198 446 314 532 capitis
337 443 473 507 laterale
496 437 665 514 bilobum,
710 438 870 518 qualein
897 436 1167 523 Bothriocepha·

202 555 243 616 lis
267 549 423 619 occurrit,
446 544 564 605 adesse
587 541 660 606 fere
681 541 916 618 credidissem,
933 543 1007 607 eed'
1022 564 1110 607 mox
1129 545 1170 607 lo

201 657 265 717 bos
287 664 431 731 quatuor
453 643 628 707 distinctos
652 644 736 724 vidi,
757 644 855 707 nullo
879 644 918 707 in
937 646 1166 713 Nemaroideo

172 758 175 764 ’
204 753 263 819 tali
284 751 390 814 modo
415 745 594 810 exhibitos.
643 747 693 810 Os
716 744 923 827 orbiculare,
958 748 1103 831 papillis
1124 771 1169 812 ex·

200 855 289 940 iguis
313 853 605 925 subexstantibus,
648 846 744 910 haud
763 861 876 911 tamen
898 868 1046 933 eemper
1069 861 1180 932 aeque·

203 957 367 1021 distinctis
391 953 550 1016 cinctum.
615 949 747 1033 Corpus
768 954 960 1032 posteriora
984 974 1108 1018 versus
1130 955 1168 1016 in·

203 1076 366 1139 crescens,
391 1057 486 1141 apice
507 1042 639 1118 caudali
660 1066 769 1130 acuto,
794 1067 980 1133 attenuato,
1004 1066 1113 1139 quam
1129 1079 1166 1119 ca·

204 1161 275 1269 pite
297 1174 408 1222 tamen
431 1160 601 1221 crassiore.
662 1156 774 1220 Vulva
808 1158 850 1220 ad
871 1157 1013 1245 tertiam
1036 1161 1166 1225 entoaoi

90 1254 94 1259 ¹
203 1276 353 1346 quartam
374 1277 504 1344 partem
525 1256 562 1320 in
586 1256 745 1321 omnibus
768 1258 1017 1342 speciminibus
1028 1276 1164 1327 exstans.

204 1375 335 1458 Aprusa
318 1364 404 1448 apici
428 1359 560 1424 caudali
583 1360 772 1457 proximus,

207 1462 211 1473 “
311 1470 440 1528 Totum
462 1483 584 1549 corpus
619 1467 695 1527 ovis
719 1458 851 1546 exiguis
873 1458 1072 1527 'rotundis
1061 1488 1164 1531 omma·

206 1571 288 1634 turis
311 1570 491 1650 repletum,
535 1587 623 1647 quae
647 1580 723 1631 cute
746 1567 885 1632 cultello
907 1566 1002 1629 laesa
1027 1567 1163 1635 effunde·

204 1652 339 1735 bantur.

300 1769 449 1888 Species
489 1770 686 1852 singularis,
728 1768 884 1836 ulteriori
922 1764 1093 1881 examme
1119 1774 1162 1838 di

206 1871 379 1962 gnissima.

210 2086 214 2093 ,
206 2032 320 2089 ιιι
347 2006 561 2108 Spirop'terc
587 2026 755 2086 contorta
777 2007 824 2087 ll.

312 2155 453 2251 Asopis
476 2159 665 2226 testudinis.
682 2132 768 2224 Ent?
782 2164 835 2226 11.
861 2170 889 2229 r.
911 2172 947 2245 p.
964 2174 1041 2243 ιρι.
1064 2174 1102 2232 a.
1121 2166 1161 2245 ιι.

203 2258 242 2325 ln
267 2262 456 2326 Testudinis
476 2260 670 2326 orbicularis
690 2264 880 2328 ventriculo
903 2279 939 2330 et
959 2266 1070 2349 hujus
1092 2264 1162 2332 v'esi

206 2361 290 2428 culis
313 2385 333 2426 a
354 2368 513 2428 Baaomo
537 2367 679 2429 detecta.

209 2464 216 2499 ²
313 2486 464 2549 Testudo
487 2483 683 2547 orbicularis
720 2473 871 2547 mascula
907 2507 1035 2568 parva,
1080 2487 1162 2573 cujus¹

152 2623 158 2642 .
206 2596 343 2648 'scutum
366 2585 499 2651 dorsale
520 2602 667 2669 quatuor
704 2607 782 2647 cum
816 2584 971 2664 dimidio,
1017 2593 1163 2656 ventrale

205 2708 291 2752 vero
335 2687 421 2750 duos
457 2710 537 2751 cum
572 2691 700 2752 duabus
733 2686 838 2752 tertiis
862 2689 1000 2769 pollicis
1022 2696 1163 2776 partibus

205 2791 388 2869 aequabat,
431 2790 589 2854 Arimin-i
607 2792 702 2873 Majo
723 2791 805 2856 viva
834 2792 932 2852 allata
958 2807 1033 2872 est,
1081 2799 1164 2882 cujus

204 2893 435 2963 tentriculum
458 2907 553 2955 extus
576 2890 811 2973 inaequalem,
854 2892 984 2975 passim
1015 2901 1165 2966 tubercu.

203 2996 246 3065 lia
270 2993 400 3058 diffusis
420 3013 540 3076 parum
571 2995 711 3059 elevatis
749 2997 936 3059 'alienatum
963 2998 1063 3076 vidi3
1105 3022 1165 3085 quo

204 3113 321 3180 aperto
345 3099 501 3159 Entozoa
522 3099 669 3180 plurima
688 3097 725 3160 in
747 3112 973 3179 conspectum
997 3116 1166 3170 venerunt

204 3212 375 3275 contorta,
404 3199 539 3263 fossulis
561 3201 620 3265 illa
647 3202 823 3265 tubercula
852 3200 1087 3271 efficientibus
1108 3222 1166 3273 tan·

203 3315 324 3386 tapete
346 3298 524 3379 immersis,
567 3317 605 3366 ut
638 3305 766 3367 caudae
805 3303 1010 3386 corporisve
1046 3320 1167 3375 tantum

204 3422 280 3487 pars
301 3403 522 3485 promineret,
621 3421 624 3426 “

312 3503 506 3588 Specimina
527 3504 643 3596 omnia
658 3483 822 3598 feminee,
843 3500 965 3590 albida,
991 3502 1081 3577 duas
1097 3534 1166 3579 cum

204 3606 344 3671 dimidia
364 3607 416 3674 ad
428 3621 493 3670 tres
516 3629 594 3671 cum
615 3611 757 3674 dimidia
778 3609 886 3673 lineas
907 3613 1029 3698 longa,
1049 3632 1166 3683 antror-

205 3726 284 3773 eum
304 3723 483 3771 attenuare.

314 3810 421 3892 (aput
443 3828 544 3892 saepe
565 3826 630 3877 tres
652 3830 796 3899 tantum,
809 3816 952 3902 papillas
989 3817 1031 3884 in
1054 3814 1164 3885 trifolii

201 3913 346 3992 modunl
363 3915 493 3999 positas
516 3916 670 3998 exhibet,
710 3919 888 3988 interdum
918 3942 1009 3991 veto
1032 3922 1162 3991 illatum
