2452 4478
544 260 824 348 ...436-

219 423 481 511 Tetrarbyncbis
498 429 576 491 sed
600 428 817 510 potissimum
844 427 882 490 in
904 416 1174 511 Anthoeephalis'

221 537 353 616 saepius
372 530 458 596 vidi.

392 788 554 858 Genus
593 789 759 901 XXVI.
801 789 1003 858 Taenia.

326 974 425 1062 Quae
460 973 502 1037 de
541 975 675 1056 generis
713 975 909 1057 amplissimi
943 973 1169 1037 subdivisione

224 1078 346 1142 Entoz.
371 1078 417 1136 ll.
446 1093 471 1136 1.
494 1096 527 1160 p.
553 1092 604 1149 4ο.
626 1091 659 1138 et
678 1099 725 1158 sq.
747 1081 883 1160 protuli,
908 1076 1063 1158 repetere
1087 1079 1170 1150 nolo,

226 1181 283 1243 sed
306 1180 447 1240 meliora
475 1180 627 1258 prolerre
654 1182 754 1243 etiarn
785 1202 877 1242 nunc
908 1182 1073 1260 temporis
1100 1178 1172 1239 mihi

187 1289 190 1296 '
226 1300 298 1344 non
322 1281 529 1343 conceditur.
572 1284 708 1342 Ταεηίαε
725 1283 962 1343 z'uermesbene
986 1279 1096 1343 dividi
1110 1300 1171 1363 pos-

228 1398 316 1462 sunt,
339 1404 415 1440 cum
440 1384 577 1443 aliarum
600 1399 698 1463 caput
720 1382 858 1445 rostello
884 1378 1100 1458 destitutum,
1128 1380 1173 1444 ali·

150 1520 152 1525 ν
227 1506 323 1548 arum
348 1483 407 1544 illo
428 1482 627 1546 instructum
650 1489 699 1547 sit.
729 1490 937 1547 Armatarnm
951 1486 1173 1548 autemomni-

140 1614 143 1621 ⁴
229 1608 287 1648 um
312 1599 411 1665 caput
432 1589 639 1648 rostellatum
663 1588 849 1662 exhibetur,
871 1608 988 1668 neque
1003 1591 1044 1671 ab
1063 1585 1173 1649 osculis

229 1687 469 1768 marginalibus
499 1689 557 1750 vel
586 1690 755 1750 lemniscis
784 1707 888 1751 certas
926 1692 1114 1754 earundem
1138 1711 1174 1753 se·

231 1791 359 1852 oriones
382 1792 525 1852 lormare
548 1793 649 1865 licet,
669 1814 745 1854 cum
767 1792 896 1874 species
920 1794 1121 1874 ceteroquin
1140 1791 1174 1854 di-

231 1910 349 1958 versae
371 1891 423 1952 lris
446 1893 568 1972 passim
592 1895 809 1977 conveniant.
834 1892 838 1899 '

334 2008 432 2071 Side
459 2008 592 2072 familiis
621 2012 839 2085 Taeniarum,
875 2013 1068 2091 secundum
1103 2031 1175 2091 quae

206 2102 208 2107 ⁵
232 2106 420 2175 inhabitant
443 2114 607 2195 animalia,
630 2116 842 2178 exstruendis
866 2113 1009 2193 cogitas,
1032 2114 1173 2194 plurimis

234 2213 433 2275 animalibus
457 2219 619 2279 Taeniam
645 2235 713 2277 tam
737 2231 891 2275 armatam
906 2236 1007 2293 quam
1028 2218 1175 2277 inermem

236 2336 323 2388 esse,
346 2339 390 2378 ue
415 2320 642 2390 obliviscaris,
677 2318 754 2377 alias
778 2320 868 2378 enim
893 2321 1025 2396 species
1046 2320 1175 2379 maxime

234 2419 477 2500 heterogeneas
508 2423 675 2482 misceres
720 2420 773 2479 Sic
801 2439 835 2478 v.
865 2439 891 2478 c„
923 2421 1087 2482 Ferarum
1109 2425 1176 2482 Tae·

234 2521 312 2583 niae
338 2540 480 2584 armatae
504 2528 543 2583 ab
568 2524 701 2584 illarum
726 2522 912 2583 inermibus
936 2536 1009 2583 toto
1034 2528 1131 2588 coelo
1143 2544 1177 2584 re·

237 2625 371 2689 cedunt.

244 2750 247 2755 '
341 2740 484 2805 Novum
507 2720 617 2822 reperi
641 2740 862 2821 plurimarum
897 2740 1102 2819 discrimen,
1136 2767 1179 2807 me

238 2842 375 2927 quidem
403 2847 533 2928 judice,
570 2845 706 2924 plurimi
742 2843 948 2916 faciendum,
985 2849 1180 2929 propriaque

236 2950 481 3029 monographia
505 2946 668 3030 dignum,
712 2949 787 3008 Ova
820 2944 948 3006 scilicet
987 2949 1183 3012 Taeniarum

239 3048 450 3111 diversarum
483 3069 587 3132 'saepe
628 3049 774 3110 maxime
813 3045 949 3108 differre
994 3049 1087 3126 vidi,
1126 3073 1183 3133 quo

240 3169 449 3232 commotus,
476 3156 646 3215 ‘nonnulla
675 3153 710 3211 in
742 3149 852 3208 tabula
874 3148 976 3227 hujus
1002 3158 1117 3232 operis
1137 3170 1187 3216 ter·

239 3255 282 3313 tia
307 3256 465 3316 delineari
487 3259 617 3322 curavi,
656 3255 695 3315 ‘Si
727 3274 793 3313 ova
820 3270 941 3330 magna
969 3253 1124 3318 Taeniae
1148 3277 1191 3316 co·

238 3355 410 3418 lumbinae
433 3373 579 3420 armatae
600 3378 686 3416 cum
713 3356 779 3416 illis
811 3354 880 3412 l'ere
910 3353 1038 3415 centies
1063 3356 1192 3419 minori-

240 3456 303 3515 bus
333 3458 456 3539 speciei
490 3458 708 3521 columbinae
742 3455 879 3518 inermis
916 3475 1108 3536 comparas3
1146 3474 1194 3522 aut

242 3563 455 3632 quorundam
472 3564 630 3624 velamen
655 3573 832 3622 externum
853 3558 1076 3622 allantoidem
1099 3583 1193 3623 mam·

240 3659 379 3719 mallum
414 3667 660 3725 nonnullorum
693 3664 798 3722 forma
837 3678 895 3719 sua
930 3658 1049 3724 sistere
1085 3663 1195 3735 vides;

239 3772 295 3816 aut
321 3764 459 3824 modum
484 3768 625 3847 cogitate,
663 3786 731 3844 quo
748 3760 751 3765 ⁵
768 3760 969 3843 paucissima
992 3768 1142 3848 (magua)
1163 3778 1192 3828 et

236 3860 370 3921 alterius
393 3864 543 3931 Taeniae
565 3871 701 3949 (parva)
728 3868 908 3929 innumera
931 3868 1069 3931 ovarlis
1095 3869 1190 3930 alfixa
