<?xml version="1.0" encoding="UTF-8"?>
<!DOCTYPE html PUBLIC "-//W3C//DTD XHTML 1.0 Transitional//EN"
    "http://www.w3.org/TR/xhtml1/DTD/xhtml1-transitional.dtd">
<html xmlns="http://www.w3.org/1999/xhtml" xml:lang="en" lang="en">
 <head>
  <title>
</title>
<meta http-equiv="Content-Type" content="text/html;charset=utf-8" />
  <meta name='ocr-system' content='tesseract 3.04.00' />
  <meta name='ocr-capabilities' content='ocr_page ocr_carea ocr_par ocr_line ocrx_word'/>
</head>
<body>
  <div class='ocr_page' id='page_1' title='image "./entozoorumsynop00rudogoog/entozoorumsynop00rudogoog_0471.png"; bbox 0 0 2452 4478; ppageno 0'>
   <div class='ocr_carea' id='block_1_1' title="bbox 562 255 844 343">
    <p class='ocr_par' dir='ltr' id='par_1_1' title="bbox 562 255 844 343">
     <span class='ocr_line' id='line_1_1' title="bbox 562 255 844 343; baseline -0.004 -30"><span class='ocrx_word' id='word_1_1' title='bbox 562 255 740 343; x_wconf 73' lang='grc'><strong>-468</strong></span> <span class='ocrx_word' id='word_1_2' title='bbox 792 291 844 312; x_wconf 81' lang='grc'>..-</span> 
     </span>
    </p>
   </div>
   <div class='ocr_carea' id='block_1_2' title="bbox 227 411 1182 1847">
    <p class='ocr_par' dir='ltr' id='par_1_2' title="bbox 227 411 1182 1847">
     <span class='ocr_line' id='line_1_2' title="bbox 233 411 1177 505; baseline -0.01 -9"><span class='ocrx_word' id='word_1_3' title='bbox 233 429 372 497; x_wconf 81' lang='lat' dir='ltr'>midiam</span> <span class='ocrx_word' id='word_1_4' title='bbox 402 430 484 500; x_wconf 82' lang='lat' dir='ltr'>lata,</span> <span class='ocrx_word' id='word_1_5' title='bbox 518 428 678 504; x_wconf 90' lang='lat' dir='ltr'>utrinque</span> <span class='ocrx_word' id='word_1_6' title='bbox 701 411 1100 503; x_wconf 77' lang='lat' dir='ltr'>obmsiuscuta,‘·sltelo.</span> <span class='ocrx_word' id='word_1_7' title='bbox 1114 423 1177 505; x_wconf 30' lang='lat' dir='ltr'>,fine</span> 
     </span>
     <span class='ocr_line' id='line_1_3' title="bbox 227 523 1121 615; baseline -0.007 -22"><span class='ocrx_word' id='word_1_8' title='bbox 227 552 351 615; x_wconf 83' lang='lat' dir='ltr'>parum</span> <span class='ocrx_word' id='word_1_9' title='bbox 374 540 551 590; x_wconf 85' lang='lat' dir='ltr'>attenuata.</span> <span class='ocrx_word' id='word_1_10' title='bbox 593 525 704 606; x_wconf 80' lang='lat' dir='ltr'>Caput</span> <span class='ocrx_word' id='word_1_11' title='bbox 724 523 917 587; x_wconf 86' lang='lat' dir='ltr'>distinctum</span> <span class='ocrx_word' id='word_1_12' title='bbox 937 544 1013 593; x_wconf 79' lang='lat' dir='ltr'>nen</span> <span class='ocrx_word' id='word_1_13' title='bbox 1039 527 1121 593; x_wconf 79' lang='lat' dir='ltr'>vidi.</span> 
     </span>
     <span class='ocr_line' id='line_1_4' title="bbox 341 641 1180 728; baseline 0 -21"><span class='ocrx_word' id='word_1_14' title='bbox 341 641 582 727; x_wconf 74' lang='lat' dir='ltr'>Compluribus</span> <span class='ocrx_word' id='word_1_15' title='bbox 609 645 815 726; x_wconf 76' lang='lat' dir='ltr'>Syngnatlris</span> <span class='ocrx_word' id='word_1_16' title='bbox 847 647 1095 728; x_wconf 70' lang='lat' dir='ltr'>Hippncampis</span> <span class='ocrx_word' id='word_1_17' title='bbox 1116 644 1180 707; x_wconf 87' lang='lat' dir='ltr'>Ari-</span> 
     </span>
     <span class='ocr_line' id='line_1_5' title="bbox 236 742 1180 828; baseline -0.007 -14"><span class='ocrx_word' id='word_1_18' title='bbox 236 748 325 815; x_wconf 84' lang='lat' dir='ltr'>mini</span> <span class='ocrx_word' id='word_1_19' title='bbox 344 747 438 828; x_wconf 87' lang='lat' dir='ltr'>Majo</span> <span class='ocrx_word' id='word_1_20' title='bbox 468 742 698 809; x_wconf 77' lang='lat' dir='ltr'>recentissime</span> <span class='ocrx_word' id='word_1_21' title='bbox 724 744 868 807; x_wconf 79' lang='lat' dir='ltr'><strong>mortuis</strong></span> <span class='ocrx_word' id='word_1_22' title='bbox 896 764 916 805; x_wconf 84' lang='lat' dir='ltr'>a</span> <span class='ocrx_word' id='word_1_23' title='bbox 943 766 1001 808; x_wconf 88' lang='lat' dir='ltr'>me</span> <span class='ocrx_word' id='word_1_24' title='bbox 1032 746 1180 810; x_wconf 81' lang='lat' dir='ltr'>examina-</span> 
     </span>
     <span class='ocr_line' id='line_1_6' title="bbox 238 836 1181 930; baseline -0.003 -16"><span class='ocrx_word' id='word_1_25' title='bbox 238 853 291 926; x_wconf 89' lang='lat' dir='ltr'>tis,</span> <span class='ocrx_word' id='word_1_26' title='bbox 312 852 349 913; x_wconf 89' lang='lat' dir='ltr'>in</span> <span class='ocrx_word' id='word_1_27' title='bbox 372 869 466 929; x_wconf 87' lang='lat' dir='ltr'>aqua,</span> <span class='ocrx_word' id='word_1_28' title='bbox 482 845 545 907; x_wconf 87' lang='lat' dir='ltr'>cui.</span> <span class='ocrx_word' id='word_1_29' title='bbox 559 845 699 908; x_wconf 88' lang='lat' dir='ltr'>illorum</span> <span class='ocrx_word' id='word_1_30' title='bbox 711 847 867 911; x_wconf 86' lang='lat' dir='ltr'>intestina</span> <span class='ocrx_word' id='word_1_31' title='bbox 888 836 1103 922; x_wconf 77' lang='lat' dir='ltr'>immisi,¹tria</span> <span class='ocrx_word' id='word_1_32' title='bbox 1120 868 1181 930; x_wconf 86' lang='lat' dir='ltr'>spc-</span> 
     </span>
     <span class='ocr_line' id='line_1_7' title="bbox 241 945 1180 1033; baseline -0.01 -15"><span class='ocrx_word' id='word_1_33' title='bbox 241 952 364 1019; x_wconf 85' lang='lat' dir='ltr'>cimina</span> <span class='ocrx_word' id='word_1_34' title='bbox 384 951 468 1024; x_wconf 84' lang='lat' dir='ltr'>visa,</span> <span class='ocrx_word' id='word_1_35' title='bbox 491 945 644 1028; x_wconf 89' lang='lat' dir='ltr'>quinque</span> <span class='ocrx_word' id='word_1_36' title='bbox 665 950 707 1009; x_wconf 88' lang='lat' dir='ltr'>ad</span> <span class='ocrx_word' id='word_1_37' title='bbox 731 965 860 1030; x_wconf 82' lang='lat' dir='ltr'><strong>septem</strong></span> <span class='ocrx_word' id='word_1_38' title='bbox 883 949 992 1011; x_wconf 83' lang='lat' dir='ltr'>lineas</span> <span class='ocrx_word' id='word_1_39' title='bbox 1015 952 1135 1033; x_wconf 79' lang='lat' dir='ltr'>lunga,</span> <span class='ocrx_word' id='word_1_40' title='bbox 1153 948 1180 1010; x_wconf 90' lang='lat' dir='ltr'>li·</span> 
     </span>
     <span class='ocr_line' id='line_1_8' title="bbox 229 1052 1181 1134; baseline -0.008 -14"><span class='ocrx_word' id='word_1_41' title='bbox 229 1076 329 1120; x_wconf 76' lang='lat' dir='ltr'>neae</span> <span class='ocrx_word' id='word_1_42' title='bbox 352 1055 484 1115; x_wconf 85' lang='lat' dir='ltr'>tertiam</span> <span class='ocrx_word' id='word_1_43' title='bbox 504 1064 636 1129; x_wconf 85' lang='lat' dir='ltr'>partem</span> <span class='ocrx_word' id='word_1_44' title='bbox 658 1052 805 1130; x_wconf 85' lang='lat' dir='ltr'>(ubique</span> <span class='ocrx_word' id='word_1_45' title='bbox 825 1052 1022 1130; x_wconf 77' lang='lat' dir='ltr'>aequaliter)</span> <span class='ocrx_word' id='word_1_46' title='bbox 1044 1054 1117 1130; x_wconf 82' lang='lat' dir='ltr'>lata,</span> <span class='ocrx_word' id='word_1_47' title='bbox 1130 1053 1181 1134; x_wconf 80' lang='lat' dir='ltr'>pla·</span> 
     </span>
     <span class='ocr_line' id='line_1_9' title="bbox 240 1151 1181 1236; baseline -0.005 -15"><span class='ocrx_word' id='word_1_48' title='bbox 240 1178 297 1228; x_wconf 83' lang='lat' dir='ltr'>na,</span> <span class='ocrx_word' id='word_1_49' title='bbox 321 1158 410 1230; x_wconf 86' lang='lat' dir='ltr'>alba,</span> <span class='ocrx_word' id='word_1_50' title='bbox 433 1151 578 1215; x_wconf 82' lang='lat' dir='ltr'>articulis</span> <span class='ocrx_word' id='word_1_51' title='bbox 606 1155 839 1232; x_wconf 88' lang='lat' dir='ltr'>subquadratis</span> <span class='ocrx_word' id='word_1_52' title='bbox 867 1153 927 1214; x_wconf 88' lang='lat' dir='ltr'>vel</span> <span class='ocrx_word' id='word_1_53' title='bbox 959 1156 1181 1236; x_wconf 82' lang='lat' dir='ltr'>subcampanu·</span> 
     </span>
     <span class='ocr_line' id='line_1_10' title="bbox 244 1252 1182 1340; baseline -0.009 -17"><span class='ocrx_word' id='word_1_54' title='bbox 244 1259 318 1323; x_wconf 85' lang='lat' dir='ltr'>latis</span> <span class='ocrx_word' id='word_1_55' title='bbox 341 1258 493 1340; x_wconf 87' lang='lat' dir='ltr'>primum</span> <span class='ocrx_word' id='word_1_56' title='bbox 516 1270 666 1317; x_wconf 75' lang='lat' dir='ltr'>constare</span> <span class='ocrx_word' id='word_1_57' title='bbox 688 1258 782 1334; x_wconf 86' lang='lat' dir='ltr'>visa,</span> <span class='ocrx_word' id='word_1_58' title='bbox 810 1253 871 1315; x_wconf 89' lang='lat' dir='ltr'>sed</span> <span class='ocrx_word' id='word_1_59' title='bbox 892 1256 1055 1317; x_wconf 84' lang='lat' dir='ltr'>attentius</span> <span class='ocrx_word' id='word_1_60' title='bbox 1079 1252 1182 1320; x_wconf 85' lang='lat' dir='ltr'>exami-</span> 
     </span>
     <span class='ocr_line' id='line_1_11' title="bbox 243 1355 1182 1439; baseline -0.009 -13"><span class='ocrx_word' id='word_1_61' title='bbox 243 1376 322 1426; x_wconf 80' lang='lat' dir='ltr'>nata</span> <span class='ocrx_word' id='word_1_62' title='bbox 344 1376 458 1421; x_wconf 78' lang='lat' dir='ltr'>trenas</span> <span class='ocrx_word' id='word_1_63' title='bbox 480 1371 610 1419; x_wconf 87' lang='lat' dir='ltr'>tantum</span> <span class='ocrx_word' id='word_1_64' title='bbox 630 1356 855 1438; x_wconf 86' lang='lat' dir='ltr'>prodiderunt</span> <span class='ocrx_word' id='word_1_65' title='bbox 878 1356 1027 1421; x_wconf 87' lang='lat' dir='ltr'>mediam</span> <span class='ocrx_word' id='word_1_66' title='bbox 1050 1355 1182 1439; x_wconf 78' lang='lat' dir='ltr'>corporis</span> 
     </span>
     <span class='ocr_line' id='line_1_12' title="bbox 245 1458 1182 1546; baseline -0.004 -21"><span class='ocrx_word' id='word_1_67' title='bbox 245 1478 374 1546; x_wconf 83' lang='lat' dir='ltr'>partem</span> <span class='ocrx_word' id='word_1_68' title='bbox 396 1480 466 1520; x_wconf 91' lang='lat' dir='ltr'>non</span> <span class='ocrx_word' id='word_1_69' title='bbox 490 1458 707 1539; x_wconf 85' lang='lat' dir='ltr'>attingentes,</span> <span class='ocrx_word' id='word_1_70' title='bbox 730 1459 941 1538; x_wconf 88' lang='lat' dir='ltr'>alterumque</span> <span class='ocrx_word' id='word_1_71' title='bbox 963 1458 1182 1540; x_wconf 87' lang='lat' dir='ltr'>specimeniit</span> 
     </span>
     <span class='ocr_line' id='line_1_13' title="bbox 244 1558 1175 1627; baseline -0.005 0"><span class='ocrx_word' id='word_1_72' title='bbox 244 1566 317 1627; x_wconf 75' lang='lat' dir='ltr'>iere</span> <span class='ocrx_word' id='word_1_73' title='bbox 339 1560 481 1623; x_wconf 84' lang='lat' dir='ltr'>omnino</span> <span class='ocrx_word' id='word_1_74' title='bbox 504 1560 699 1624; x_wconf 87' lang='lat' dir='ltr'>destitutum</span> <span class='ocrx_word' id='word_1_75' title='bbox 720 1558 795 1624; x_wconf 81' lang='lat' dir='ltr'>fuic</span> <span class='ocrx_word' id='word_1_76' title='bbox 831 1562 991 1623; x_wconf 87' lang='lat' dir='ltr'>Ceterum</span> <span class='ocrx_word' id='word_1_77' title='bbox 1013 1561 1129 1624; x_wconf 87' lang='lat' dir='ltr'>omnia</span> <span class='ocrx_word' id='word_1_78' title='bbox 1141 1581 1175 1623; x_wconf 85' lang='lat' dir='ltr'>ur</span> 
     </span>
     <span class='ocr_line' id='line_1_14' title="bbox 230 1661 1175 1746; baseline 0.001 -19"><span class='ocrx_word' id='word_1_79' title='bbox 230 1666 352 1746; x_wconf 46' lang='lat' dir='ltr'>,dique</span> <span class='ocrx_word' id='word_1_80' title='bbox 379 1661 513 1744; x_wconf 86' lang='lat' dir='ltr'>punctis</span> <span class='ocrx_word' id='word_1_81' title='bbox 547 1681 739 1742; x_wconf 82' lang='lat' dir='ltr'>conspersa,</span> <span class='ocrx_word' id='word_1_82' title='bbox 781 1681 824 1725; x_wconf 86' lang='lat' dir='ltr'>an</span> <span class='ocrx_word' id='word_1_83' title='bbox 858 1661 973 1723; x_wconf 88' lang='lat' dir='ltr'>ovulis</span> <span class='ocrx_word' id='word_1_84' title='bbox 1012 1662 1175 1729; x_wconf 69' lang='lat' dir='ltr'>scatentia</span> 
     </span>
     <span class='ocr_line' id='line_1_15' title="bbox 249 1763 1156 1847; baseline 0.002 -19"><span class='ocrx_word' id='word_1_85' title='bbox 249 1766 357 1847; x_wconf 86' lang='lat' dir='ltr'>Caput</span> <span class='ocrx_word' id='word_1_86' title='bbox 379 1764 517 1845; x_wconf 83' lang='lat' dir='ltr'>quidem</span> <span class='ocrx_word' id='word_1_87' title='bbox 532 1785 604 1826; x_wconf 87' lang='lat' dir='ltr'>non</span> <span class='ocrx_word' id='word_1_88' title='bbox 626 1763 709 1843; x_wconf 87' lang='lat' dir='ltr'>vidi,</span> <span class='ocrx_word' id='word_1_89' title='bbox 733 1776 875 1827; x_wconf 80' lang='lat' dir='ltr'>attamen</span> <span class='ocrx_word' id='word_1_90' title='bbox 896 1763 964 1826; x_wconf 86' lang='lat' dir='ltr'>huc</span> <span class='ocrx_word' id='word_1_91' title='bbox 984 1765 1156 1835; x_wconf 79' lang='lat' dir='ltr'>referrem.</span> 
     </span>
    </p>
   </div>
   <div class='ocr_carea' id='block_1_3' title="bbox 249 1878 1187 2173">
    <p class='ocr_par' dir='ltr' id='par_1_3' title="bbox 249 1878 1187 2173">
     <span class='ocr_line' id='line_1_16' title="bbox 348 1878 1186 1966; baseline 0 -19"><span class='ocrx_word' id='word_1_92' title='bbox 348 1884 549 1947; x_wconf 74' lang='lat' dir='ltr'>Bnastsartus</span> <span class='ocrx_word' id='word_1_93' title='bbox 570 1883 639 1945; x_wconf 87' lang='lat' dir='ltr'>duo</span> <span class='ocrx_word' id='word_1_94' title='bbox 652 1880 835 1966; x_wconf 85' lang='lat' dir='ltr'>specimina</span> <span class='ocrx_word' id='word_1_95' title='bbox 847 1878 940 1944; x_wconf 87' lang='lat' dir='ltr'>misit</span> <span class='ocrx_word' id='word_1_96' title='bbox 958 1882 999 1945; x_wconf 90' lang='lat' dir='ltr'>in</span> <span class='ocrx_word' id='word_1_97' title='bbox 1022 1885 1123 1953; x_wconf 73' lang='lat' dir='ltr'>Gom</span> <span class='ocrx_word' id='word_1_98' title='bbox 1137 1887 1186 1951; x_wconf 70' lang='lat' dir='ltr'>Gr·</span> 
     </span>
     <span class='ocr_line' id='line_1_17' title="bbox 249 1977 1187 2068; baseline 0.001 -20"><span class='ocrx_word' id='word_1_99' title='bbox 249 1977 361 2050; x_wconf 66' lang='lat' dir='ltr'>lionis</span> <span class='ocrx_word' id='word_1_100' title='bbox 381 1986 501 2068; x_wconf 81' lang='lat' dir='ltr'>hepate</span> <span class='ocrx_word' id='word_1_101' title='bbox 522 2000 671 2068; x_wconf 88' lang='lat' dir='ltr'>reperta,</span> <span class='ocrx_word' id='word_1_102' title='bbox 700 2005 846 2066; x_wconf 88' lang='lat' dir='ltr'>quorum</span> <span class='ocrx_word' id='word_1_103' title='bbox 867 1986 1013 2048; x_wconf 86' lang='lat' dir='ltr'>alterum</span> <span class='ocrx_word' id='word_1_104' title='bbox 1033 1990 1108 2055; x_wconf 81' lang='lat' dir='ltr'>fine</span> <span class='ocrx_word' id='word_1_105' title='bbox 1127 2007 1187 2053; x_wconf 85' lang='lat' dir='ltr'>cau·</span> 
     </span>
     <span class='ocr_line' id='line_1_18' title="bbox 249 2086 1186 2173; baseline 0.01 -24"><span class='ocrx_word' id='word_1_106' title='bbox 249 2088 318 2149; x_wconf 87' lang='lat' dir='ltr'>dali</span> <span class='ocrx_word' id='word_1_107' title='bbox 352 2087 512 2173; x_wconf 86' lang='lat' dir='ltr'>singulari</span> <span class='ocrx_word' id='word_1_108' title='bbox 549 2088 655 2150; x_wconf 89' lang='lat' dir='ltr'>modo</span> <span class='ocrx_word' id='word_1_109' title='bbox 696 2100 865 2150; x_wconf 87' lang='lat' dir='ltr'>contracto</span> <span class='ocrx_word' id='word_1_110' title='bbox 906 2086 1111 2155; x_wconf 86' lang='lat' dir='ltr'>instructum</span> <span class='ocrx_word' id='word_1_111' title='bbox 1140 2102 1186 2166; x_wconf 79' lang='lat' dir='ltr'>est,</span> 
     </span>
    </p>
   </div>
   <div class='ocr_carea' id='block_1_4' title="bbox 250 2187 1187 2375">
    <p class='ocr_par' dir='ltr' id='par_1_4' title="bbox 250 2187 1187 2375">
     <span class='ocr_line' id='line_1_19' title="bbox 251 2187 1187 2277; baseline 0.006 -29"><span class='ocrx_word' id='word_1_112' title='bbox 251 2189 349 2269; x_wconf 84' lang='lat' dir='ltr'>quale</span> <span class='ocrx_word' id='word_1_113' title='bbox 373 2187 453 2267; x_wconf 92' lang='lat' dir='ltr'>quid</span> <span class='ocrx_word' id='word_1_114' title='bbox 474 2189 666 2252; x_wconf 73' lang='lat' dir='ltr'>Parcassro</span> <span class='ocrx_word' id='word_1_115' title='bbox 694 2211 757 2272; x_wconf 92' lang='lat' dir='ltr'>pro</span> <span class='ocrx_word' id='word_1_116' title='bbox 787 2187 894 2271; x_wconf 84' lang='lat' dir='ltr'>capite</span> <span class='ocrx_word' id='word_1_117' title='bbox 920 2193 1076 2256; x_wconf 86' lang='lat' dir='ltr'>secundo</span> <span class='ocrx_word' id='word_1_118' title='bbox 1098 2193 1187 2277; x_wconf 71' lang='lat' dir='ltr'>impu</span> 
     </span>
     <span class='ocr_line' id='line_1_20' title="bbox 250 2290 724 2375; baseline 0.013 -23"><span class='ocrx_word' id='word_1_119' title='bbox 250 2290 356 2353; x_wconf 89' lang='lat' dir='ltr'>suisse</span> <span class='ocrx_word' id='word_1_120' title='bbox 379 2290 504 2352; x_wconf 84' lang='lat' dir='ltr'>amicus</span> <span class='ocrx_word' id='word_1_121' title='bbox 527 2293 724 2375; x_wconf 77' lang='lat' dir='ltr'>suspicatur·</span> 
     </span>
    </p>
   </div>
   <div class='ocr_carea' id='block_1_5' title="bbox 250 2400 1189 2698">
    <p class='ocr_par' dir='ltr' id='par_1_5' title="bbox 250 2400 1189 2698">
     <span class='ocr_line' id='line_1_21' title="bbox 355 2400 1188 2493; baseline 0.004 -22"><span class='ocrx_word' id='word_1_122' title='bbox 355 2400 417 2473; x_wconf 78' lang='lat' dir='ltr'>De</span> <span class='ocrx_word' id='word_1_123' title='bbox 437 2407 627 2493; x_wconf 75' lang='lat' dir='ltr'>Cystt&#39;cercis</span> <span class='ocrx_word' id='word_1_124' title='bbox 653 2412 777 2486; x_wconf 72' lang='lat' dir='ltr'>Lotus,</span> <span class='ocrx_word' id='word_1_125' title='bbox 800 2413 940 2491; x_wconf 75' lang='lat' dir='ltr'>Petrae,</span> <span class='ocrx_word' id='word_1_126' title='bbox 976 2415 1094 2491; x_wconf 77' lang='lat' dir='ltr'>Lucii,</span> <span class='ocrx_word' id='word_1_127' title='bbox 1121 2414 1188 2477; x_wconf 87' lang='lat' dir='ltr'>olim</span> 
     </span>
     <span class='ocr_line' id='line_1_22' title="bbox 251 2509 1189 2602; baseline 0.006 -28"><span class='ocrx_word' id='word_1_128' title='bbox 251 2509 345 2574; x_wconf 89' lang='lat' dir='ltr'>dictis</span> <span class='ocrx_word' id='word_1_129' title='bbox 369 2527 399 2573; x_wconf 85' lang='lat' dir='ltr'>at</span> <span class='ocrx_word' id='word_1_130' title='bbox 418 2529 551 2575; x_wconf 87' lang='lat' dir='ltr'>summo</span> <span class='ocrx_word' id='word_1_131' title='bbox 571 2513 648 2593; x_wconf 88' lang='lat' dir='ltr'>jure</span> <span class='ocrx_word' id='word_1_132' title='bbox 670 2511 739 2575; x_wconf 89' lang='lat' dir='ltr'>huc</span> <span class='ocrx_word' id='word_1_133' title='bbox 771 2513 978 2593; x_wconf 77' lang='lat' dir='ltr'>referendis,</span> <span class='ocrx_word' id='word_1_134' title='bbox 1018 2512 1189 2602; x_wconf 79' lang='lat' dir='ltr'>Cysticsrci</span> 
     </span>
     <span class='ocr_line' id='line_1_23' title="bbox 250 2614 705 2698; baseline 0.007 -22"><span class='ocrx_word' id='word_1_135' title='bbox 250 2633 356 2698; x_wconf 81' lang='lat' dir='ltr'>genus</span> <span class='ocrx_word' id='word_1_136' title='bbox 377 2614 576 2677; x_wconf 83' lang='lat' dir='ltr'>illustrando</span> <span class='ocrx_word' id='word_1_137' title='bbox 599 2628 705 2698; x_wconf 70' lang='lat' dir='ltr'>agant.</span> 
     </span>
    </p>
   </div>
   <div class='ocr_carea' id='block_1_6' title="bbox 301 2861 1158 2970">
    <p class='ocr_par' dir='ltr' id='par_1_6' title="bbox 301 2861 1158 2970">
     <span class='ocr_line' id='line_1_24' title="bbox 301 2861 1158 2970; baseline 0.007 -28"><span class='ocrx_word' id='word_1_138' title='bbox 301 2870 462 2944; x_wconf 77' lang='lat' dir='ltr'>&#39;Genus</span> <span class='ocrx_word' id='word_1_139' title='bbox 502 2864 631 2946; x_wconf 81' lang='lat' dir='ltr'><em>XXV.</em></span> <span class='ocrx_word' id='word_1_140' title='bbox 667 2861 1158 2970; x_wconf 77' lang='lat' dir='ltr'>Botirrioccplzalut.</span> 
     </span>
    </p>
   </div>
   <div class='ocr_carea' id='block_1_7' title="bbox 202 3054 1195 3864">
    <p class='ocr_par' dir='ltr' id='par_1_7' title="bbox 202 3054 1195 3864">
     <span class='ocr_line' id='line_1_25' title="bbox 345 3054 1193 3146; baseline 0.008 -26"><span class='ocrx_word' id='word_1_141' title='bbox 345 3054 622 3142; x_wconf 84' lang='lat' dir='ltr'>Bothriocephali</span> <span class='ocrx_word' id='word_1_142' title='bbox 636 3079 743 3143; x_wconf 81' lang='lat' dir='ltr'>genus</span> <span class='ocrx_word' id='word_1_143' title='bbox 757 3059 959 3124; x_wconf 85' lang='lat' dir='ltr'>stabiliendo</span> <span class='ocrx_word' id='word_1_144' title='bbox 974 3062 1118 3126; x_wconf 87' lang='lat' dir='ltr'>nonnisi</span> <span class='ocrx_word' id='word_1_145' title='bbox 1133 3077 1193 3146; x_wconf 79' lang='lat' dir='ltr'>spe·</span> 
     </span>
     <span class='ocr_line' id='line_1_26' title="bbox 251 3153 1192 3249; baseline 0.003 -28"><span class='ocrx_word' id='word_1_146' title='bbox 251 3153 320 3222; x_wconf 82' lang='lat' dir='ltr'>&#39;cies</span> <span class='ocrx_word' id='word_1_147' title='bbox 342 3161 467 3224; x_wconf 78' lang='lat' dir='ltr'>duobus</span> <span class='ocrx_word' id='word_1_148' title='bbox 485 3161 626 3224; x_wconf 87' lang='lat' dir='ltr'>bothriis</span> <span class='ocrx_word' id='word_1_149' title='bbox 649 3166 706 3228; x_wconf 84' lang='lat' dir='ltr'>vel</span> <span class='ocrx_word' id='word_1_150' title='bbox 729 3165 936 3240; x_wconf 83' lang='lat' dir='ltr'>lateralibus,</span> <span class='ocrx_word' id='word_1_151' title='bbox 955 3167 1014 3228; x_wconf 88' lang='lat' dir='ltr'>vel</span> <span class='ocrx_word' id='word_1_152' title='bbox 1041 3163 1192 3249; x_wconf 72' lang='lat' dir='ltr'>margins:</span> 
     </span>
     <span class='ocr_line' id='line_1_27' title="bbox 250 3261 1192 3351; baseline 0.005 -28"><span class='ocrx_word' id='word_1_153' title='bbox 250 3261 340 3324; x_wconf 86' lang='lat' dir='ltr'>libus</span> <span class='ocrx_word' id='word_1_154' title='bbox 361 3264 536 3327; x_wconf 78' lang='lat' dir='ltr'>instructas</span> <span class='ocrx_word' id='word_1_155' title='bbox 559 3282 640 3346; x_wconf 87' lang='lat' dir='ltr'>prae</span> <span class='ocrx_word' id='word_1_156' title='bbox 669 3266 775 3329; x_wconf 89' lang='lat' dir='ltr'>oculis</span> <span class='ocrx_word' id='word_1_157' title='bbox 796 3267 916 3342; x_wconf 82' lang='lat' dir='ltr'>habui,</span> <span class='ocrx_word' id='word_1_158' title='bbox 945 3282 1034 3348; x_wconf 84' lang='lat' dir='ltr'>quae</span> <span class='ocrx_word' id='word_1_159' title='bbox 1066 3267 1192 3351; x_wconf 85' lang='lat' dir='ltr'>optime,</span> 
     </span>
     <span class='ocr_line' id='line_1_28' title="bbox 250 3361 1195 3452; baseline 0.007 -26"><span class='ocrx_word' id='word_1_160' title='bbox 250 3361 406 3426; x_wconf 86' lang='lat' dir='ltr'>facillime</span> <span class='ocrx_word' id='word_1_161' title='bbox 433 3365 573 3448; x_wconf 86' lang='lat' dir='ltr'>scilicet,</span> <span class='ocrx_word' id='word_1_162' title='bbox 607 3389 625 3429; x_wconf 84' lang='lat' dir='ltr'>a</span> <span class='ocrx_word' id='word_1_163' title='bbox 652 3367 789 3432; x_wconf 87' lang='lat' dir='ltr'>Taeniis</span> <span class='ocrx_word' id='word_1_164' title='bbox 818 3367 979 3452; x_wconf 85' lang='lat' dir='ltr'>distingui</span> <span class='ocrx_word' id='word_1_165' title='bbox 1005 3381 1195 3451; x_wconf 72' lang='lat' dir='ltr'>potuerunt</span> 
     </span>
     <span class='ocr_line' id='line_1_29' title="bbox 250 3464 1194 3552; baseline 0.014 -29"><span class='ocrx_word' id='word_1_166' title='bbox 250 3484 392 3544; x_wconf 86' lang='lat' dir='ltr'>quarum</span> <span class='ocrx_word' id='word_1_167' title='bbox 418 3486 536 3530; x_wconf 89' lang='lat' dir='ltr'>omnes</span> <span class='ocrx_word' id='word_1_168' title='bbox 570 3468 695 3532; x_wconf 87' lang='lat' dir='ltr'>osculis</span> <span class='ocrx_word' id='word_1_169' title='bbox 729 3484 872 3552; x_wconf 86' lang='lat' dir='ltr'>quatuor</span> <span class='ocrx_word' id='word_1_170' title='bbox 898 3483 1055 3536; x_wconf 85' lang='lat' dir='ltr'>utuntur.</span> <span class='ocrx_word' id='word_1_171' title='bbox 1104 3464 1194 3538; x_wconf 77' lang='lat' dir='ltr'>Alias</span> 
     </span>
     <span class='ocr_line' id='line_1_30' title="bbox 251 3560 1192 3657; baseline 0.012 -30"><span class='ocrx_word' id='word_1_172' title='bbox 251 3565 409 3648; x_wconf 85' lang='lat' dir='ltr'>deinceps</span> <span class='ocrx_word' id='word_1_173' title='bbox 424 3560 700 3653; x_wconf 84' lang='lat' dir='ltr'>Bothriocephali</span> <span class='ocrx_word' id='word_1_174' title='bbox 722 3576 850 3655; x_wconf 82' lang='lat' dir='ltr'>s‘pecies</span> <span class='ocrx_word' id='word_1_175' title='bbox 873 3571 946 3634; x_wconf 84' lang='lat' dir='ltr'>vidi</span> <span class='ocrx_word' id='word_1_176' title='bbox 969 3586 1121 3655; x_wconf 84' lang='lat' dir='ltr'>quatuor</span> <span class='ocrx_word' id='word_1_177' title='bbox 1135 3572 1192 3657; x_wconf 89' lang='lat' dir='ltr'>qui·</span> 
     </span>
     <span class='ocr_line' id='line_1_31' title="bbox 253 3665 1191 3754; baseline 0.015 -28"><span class='ocrx_word' id='word_1_178' title='bbox 253 3665 330 3728; x_wconf 85' lang='lat' dir='ltr'>dem</span> <span class='ocrx_word' id='word_1_179' title='bbox 353 3668 501 3751; x_wconf 83' lang='lat' dir='ltr'>insignes</span> <span class='ocrx_word' id='word_1_180' title='bbox 523 3673 674 3754; x_wconf 84' lang='lat' dir='ltr'>bothriis,</span> <span class='ocrx_word' id='word_1_181' title='bbox 695 3671 747 3738; x_wconf 89' lang='lat' dir='ltr'>his</span> <span class='ocrx_word' id='word_1_182' title='bbox 771 3689 882 3739; x_wconf 82' lang='lat' dir='ltr'>autem</span> <span class='ocrx_word' id='word_1_183' title='bbox 904 3676 944 3735; x_wconf 85' lang='lat' dir='ltr'>ab</span> <span class='ocrx_word' id='word_1_184' title='bbox 969 3680 1097 3740; x_wconf 83' lang='lat' dir='ltr'>usculis</span> <span class='ocrx_word' id='word_1_185' title='bbox 1120 3681 1191 3742; x_wconf 84' lang='lat' dir='ltr'>Tae·</span> 
     </span>
     <span class='ocr_line' id='line_1_32' title="bbox 202 3765 1189 3864; baseline 0.015 -39"><span class='ocrx_word' id='word_1_186' title='bbox 202 3770 205 3777; x_wconf 85' lang='lat'>&#39;</span> <span class='ocrx_word' id='word_1_187' title='bbox 251 3765 384 3829; x_wconf 90' lang='lat' dir='ltr'>niarum</span> <span class='ocrx_word' id='word_1_188' title='bbox 406 3774 481 3853; x_wconf 89' lang='lat' dir='ltr'>plus</span> <span class='ocrx_word' id='word_1_189' title='bbox 496 3773 606 3837; x_wconf 86' lang='lat' dir='ltr'>minus</span> <span class='ocrx_word' id='word_1_190' title='bbox 624 3777 812 3859; x_wconf 86' lang='lat' dir='ltr'>profundis,</span> <span class='ocrx_word' id='word_1_191' title='bbox 826 3777 867 3841; x_wconf 77' lang='lat' dir='ltr'>sd</span> <span class='ocrx_word' id='word_1_192' title='bbox 886 3775 1189 3864; x_wconf 78' lang='lat' dir='ltr'>Trematodumpo·</span> 
     </span>
    </p>
   </div>
   <div class='ocr_carea' id='block_1_8' title="bbox 252 3866 1188 3972">
    <p class='ocr_par' dir='ltr' id='par_1_8' title="bbox 252 3866 1188 3972">
     <span class='ocr_line' id='line_1_33' title="bbox 252 3866 1188 3972; baseline 0.009 -33"><span class='ocrx_word' id='word_1_193' title='bbox 252 3881 309 3939; x_wconf 83' lang='lat' dir='ltr'>tos</span> <span class='ocrx_word' id='word_1_194' title='bbox 331 3866 772 3967; x_wconf 56' lang='lat' dir='ltr'>accedentibustantopere</span> <span class='ocrx_word' id='word_1_195' title='bbox 795 3878 956 3965; x_wconf 76' lang='lat' dir='ltr'>diversas,</span> <span class='ocrx_word' id='word_1_196' title='bbox 972 3894 1014 3952; x_wconf 89' lang='lat' dir='ltr'>ut</span> <span class='ocrx_word' id='word_1_197' title='bbox 1033 3882 1188 3972; x_wconf 73' lang='lat' dir='ltr'>sequela·</span> 
     </span>
    </p>
   </div>
   <div class='ocr_carea' id='block_1_9' title="bbox 0 0 1246 4478">
    <p class='ocr_par' dir='ltr' id='par_1_9' title="bbox 0 0 1246 4478">
     <span class='ocr_line' id='line_1_34' title="bbox 0 0 1246 4478; baseline 0 0"><span class='ocrx_word' id='word_1_198' title='bbox 0 0 1246 4478; x_wconf 95' lang='lat' dir='ltr'> </span> 
     </span>
    </p>
   </div>
  </div>
 </body>
</html>
