2408 4478
499 240 681 337 —496
735 268 796 301 ····

162 424 250 482 bene
282 411 456 495 intellexi,
487 434 564 477 eam
598 412 739 473 tandem
770 410 934 492 Speziae
962 412 1115 497 Septembri

164 542 282 586 mente
306 522 341 582 in
371 521 528 581 Geclronis
548 514 717 594 vulgaris,
765 510 949 578 Lacertae
977 518 1112 580 stellionis

163 628 263 689 Lrsn.
287 624 449 684 ‹lnodeno
470 634 504 680 et
524 633 619 698 parte
649 612 812 678 intestini
848 615 971 681 tenuis
990 620 1111 703 proxim

164 727 305 807 copiose
327 721 448 803 reperi.

260 842 393 925 Capitis
417 840 525 901 osculo
547 850 694 918 quatuor
713 852 842 921 aperta
869 836 1109 922 subhemisplrtt·

163 948 240 1023 rica,
263 947 372 1006 clausa
397 958 509 1004 autem
531 940 732 1005 orbicularis
755 942 957 1021 videntur,
974 958 1065 1007 motu
1079 962 1107 1005 oo

161 1064 270 1113 terum
293 1048 387 1108 tardo
411 1060 562 1106 utuntur.
609 1044 751 1107 (lanatos
773 1060 942 1126 quatuor
964 1046 1005 1107 ab
1023 1042 1125 1141 iisdem¹

163 1150 270 1215 exorti
294 1150 481 1230 posteriora
502 1164 621 1209 versus
641 1164 806 1229 vergunt}
832 1148 945 1213 brevi
965 1144 1125 1233 autemrij

163 1254 215 1315 sni
239 1252 484 1313 subducuntur.
531 1248 653 1311 Collum
674 1246 953 1331 longissimum,
977 1244 1104 1311 duosrtl

161 1356 248 1417 duo<
269 1374 348 1413 curn
371 1347 512 1411 ‹linridio
535 1350 675 1431 pollices
700 1349 868 1431 longum.
918 1352 1060 1417 Articuli
1072 1368 1103 1409 m

162 1454 302 1519 teriores
338 1451 619 1514 suborbiculares.
662 1450 890 1519 Posteriores
921 1448 1104 1519 linearesb'r

160 1578 214 1621 soe
235 1554 477 1638 speciminibus
497 1571 571 1615 non
598 1567 708 1617 erant.

268 1672 508 1751 Descriptione
531 1672 606 1733 data
629 1672 739 1733 omnis
751 1670 979 1756 ambiguitas
1001 1670 1103 1737 tollitur.

158 1778 358 1843 Membrana
382 1777 539 1837 articulos
572 1776 766 1839 obvolvens
796 1778 907 1839 nulla
930 1778 1041 1853 adem,
1066 1772 1103 1837 sel

158 1883 285 1945 collum
308 1878 546 1963 longissimum
557 1876 771 1951 continuum,
796 1880 902 1957 quod
919 1880 1104 1965 longitudire

159 2000 220 2047 sua
242 1997 331 2046 certe
355 1979 528 2064 imposuit.
566 1976 714 2043 Articuli
726 1976 834 2059 hujus
857 2000 979 2061 quam
998 1983 1103 2063 reliqu

156 2108 232 2149 rum
256 2086 444 2166 specierum
467 2104 577 2165 aeque
591 2102 709 2164 parum
731 2078 851 2142 tunica
877 2084 1057 2147 communi
1066 2082 1103 2147 tir·

158 2192 375 2256 currnlanturr
410 2206 523 2265 neque
563 2184 690 2246 collum
722 2201 888 2263 unquam
921 2190 1103 2250 articulatum

154 2288 232 2355 fieri
255 2288 465 2350 crediderim.

269 2404 396 2469 Ovaria
426 2402 639 2483 lutescentia‚
668 2405 830 2486 globosa,
860 2425 986 2490 sparsa
1006 2409 1040 2470 in
1058 2400 1104 2467 uti

155 2513 240 2578 culis
262 2508 385 2583 liberis,
408 2508 531 2573 horum
554 2523 667 2569 autem
688 2508 862 2572 foramina
889 2514 995 2575 nulla
1016 2507 1085 2574 vidi

260 2630 460 2692 Baamsrnus
484 2626 670 2708 specimina
689 2626 781 2689 misit
802 2625 841 2689 in
868 2625 1104 2718 Buforribussi

153 2755 247 2798 nereo
266 2748 299 2794 et
320 2731 427 2792 viridi
447 2749 512 2791 nec
542 2750 614 2792 non
640 2730 677 2793 in
699 2732 793 2814 Hyla
814 2733 971 2799 arborea
992 2746 1103 2816 reperte

260 2850 322 2908 Illa
344 2846 490 2907 Bulonis
519 2848 643 2911 cinerei
669 2851 836 2926 maxima,
872 2856 1026 2917 alterum
1051 2869 1103 2931 qut·

155 2966 232 3014 tuor
253 2949 394 3031 pollices
414 2951 573 3031 longum,
601 2953 739 3031 reliquis
763 2957 944 3017 omnibus
969 2956 1101 3021 crassius

155 3075 240 3136 quae
262 3053 352 3114 Bufo
373 3051 491 3114 viridis
515 3053 648 3129 obtulit,
669 3054 881 3133 tenerrima,
914 3074 1014 3140 parte
1040 3068 1102 3117 ante·

152 3156 244 3219 tiore
267 3153 472 3235 longissima,
490 3155 663 3234 diaphana,
687 3157 827 3235 qualem
841 3157 886 3220 in
900 3158 1101 3241 sequentibus

152 3280 224 3321 non
248 3258 338 3328 vidi;
361 3256 418 3316 illa
442 3262 585 3317 demum
607 3257 719 3337 Hylae
742 3256 833 3319 duos
870 3263 918 3322 ad
943 3277 1012 3325 tres
1034 3254 1104 3343 polll

152 3381 206 3421 ces
229 3363 341 3439 longa,
363 3358 518 3419 articulos
542 3357 690 3421 maxime
710 3358 826 3420 varios
851 3360 999 3444 sistunt,
1019 3375 1104 3445 poste·

150 3458 257 3525 riores
280 3463 482 3541 plerumque
502 3459 613 3541 longi,
637 3458 733 3535 recti,
766 3457 962 3527 interdum
981 3458 1106 3550 elliptitl·

151 3567 349 3626 Membrana
371 3561 557 3624 involvens
582 3576 730 3626 ceterum
750 3565 869 3629 nulla.

202 3733 259 3805 25.
286 3721 420 3788 Taenia
447 3720 676 3790 tuberculata
702 3727 747 3792 R.
782 3746 824 3795 n.
855 3748 921 3822 sp.

245 3867 435 3948 Speoimina
455 3868 525 3931 duo
537 3866 716 3953 Argesirae
737 3865 778 3931 in
802 3872 968 3943 Lacerta
986 3869 1103 3965 (mlx)
