2408 4478
549 265 832 352 ..174-

218 449 301 521 132.
350 430 483 500 Taenia
509 421 723 520 Sternae.·1·

253 547 345 608 Hah.
367 541 404 603 in
425 541 591 628 intestinis
613 543 751 604 sternas
771 544 973 610 Hirundinis
1002 545 1054 625 G.¹
1068 544 1167 615 m,

296 651 427 711 Forsan
461 645 503 704 ad
536 643 578 703 T.
617 645 840 725 oligotomam
871 647 993 713 0.·66.
1016 651 1167 731 pertinet,

297 770 384 831 quae
407 749 442 806 in
465 746 583 806 Sterna
606 745 763 827 fissipede
786 748 940 826 occurrit,
964 772 1045 812 cum
1070 752 1164 835 hujus

295 868 330 915 et
361 851 500 913 Sternae
532 845 738 909 Hirundinis
770 848 902 911 Taenia
933 850 971 913 in
1008 855 1163 938 Catalogo

294 953 531 1034 conjungatur.
958 971 962 977 ·

214 1095 297 1169 155.
348 1078 482 1147 Taenia
509 1074 683 1165 Colymbi
707 1067 919 1168 Troiles.†

250 1209 330 1270 Ent.
353 1222 384 1268 2.
406 1227 439 1285 p.
463 1203 536 1267 206.
554 1227 589 1268 n.
612 1222 664 1286 94.
684 1206 724 1264 ab
746 1202 1003 1267 Anuoannmo
1032 1203 1075 1268 in
1106 1204 1161 1274 Co·

291 1307 399 1393 lymbo
427 1308 680 1388 Troilereperta
701 1324 816 1383 neque
839 1305 1015 1390 descripta.

213 1441 292 1523 134.
342 1433 482 1503 Taenia
505 1428 677 1519 Colymbi
706 1429 856 1497 cristati.
882 1421 912 1522 ’1-

247 1566 327 1626 Ent.
349 1578 382 1624 2.
403 1584 437 1644 p.
459 1557 532 1623 206.
556 1580 590 1620 n.
613 1573 664 1636 95.
690 1575 718 1621 1.
742 1574 774 1620 2.

186 1652 189 1659 ’
245 1665 401 1744 Utraque
424 1663 620 1724 aBnamtro
649 1657 686 1719 in
712 1657 876 1720 intestinis
902 1659 1059 1743 Colymbi
1086 1671 1160 1730 cris.

289 1770 361 1829 toci
383 1778 530 1846 reperta,
571 1761 665 1842 prior
692 1761 841 1824 Taeniae
869 1762 1106 1830 multistriatae
1125 1790 1158 1837 n.

242 1890 248 1899 ‘
289 1882 351 1945 84„
374 1869 478 1929 altera
498 1867 540 1925 T.
562 1862 845 1944 macrorhynchae
865 1884 900 1929 n.
921 1878 972 1944 79.
996 1868 1121 1933 affinis,

208 2007 290 2082 155.
340 1990 477 2063 Taenia
505 1987 677 2076 Colymbi
703 1987 859 2057 cornuti.
885 1979 915 2079 ·1·

244 2108 339 2172 Hab.
377 2107 414 2164 in
446 2097 613 2163 intestinis
647 2096 793 2182 Colymbi
824 2099 964 2169 narranti.
988 2102 1025 2165 C.
1051 2106 1096 2170 Ε.
1120 2107 1156 2175 V,

286 2219 404 2286 mscpb's
1102 2230 1104 2235 ’

206 2310 292 2402 156.
340 2307 474 2382 Taenia
500 2307 588 2375 Lari
609 2297 753 2400 canini*

241 2427 323 2488 Ent.
339 2442 371 2488 2.
394 2445 427 2502 p.
450 2421 522 2482 206.
544 2440 578 2484 n.
601 2421 653 2496 96.
674 2421 716 2482 Τ.
738 2420 818 2483 Lari
840 2421 927 2492 cani.

241 2527 333 2588 Hab.
367 2525 411 2584 In
432 2522 598 2584 intestinis
618 2523 702 2584 Lari
722 2529 799 2585 cani
818 2526 940 2589 Baanrt
973 2531 1111 2613 reperit,
1135 2558 1153 2600 ι

136 2703 140 2708 ¹
246 2658 249 2665 ·
284 2628 328 2689 Τ.
349 2648 470 2707 porosa
491 2626 605 2685 forsan
626 2623 810 2706 diversam,
832 2628 859 2688 si
883 2627 1013 2693 articuli
1037 2639 1151 2700 subcu·

284 2730 376 2792 neati
399 2747 481 2791 vere
504 2724 707 2804 posteriores
731 2726 867 2790 dicendi
889 2746 975 2793 sunt.
1023 2738 1152 2803 Rostel.

281 2834 355 2894 lum
377 2833 468 2894 enirn
490 2831 530 2890 ab
553 2828 659 2887 amico
680 2827 881 2911 descriptum
903 2832 940 2894 in
962 2836 1004 2898 T.
1027 2859 1152 2921 porosa

282 2955 459 3014 nunquam
481 2930 617 3014 penitus
642 2931 821 2993 evolutum
842 2934 928 3001 vidi.

205 3075 286 3152 157.
336 3055 470 3130 Taenia
495 3054 693 3127 Tadornae.
720 3046 751 3148 i

240 3175 322 3236 Ent.
341 3189 372 3235 2.
408 3194 442 3255 p.
465 3181 539 3248 203.
572 3191 606 3231 n.
628 3184 680 3250 91.
709 3168 815 3231 Mant.
843 3191 876 3233 n.
908 3183 979 3251 137·
1008 3174 1053 3238 T.
1086 3177 1160 3245 Ta·¹

287 3277 424 3336 dornae.

171 3389 174 3393 '
239 3377 331 3439 Hah.
342 3379 386 3437 In
401 3372 567 3452 intestinis
581 3378 702 3437 Anatis
721 3376 889 3436 Tadornae
907 3370 1150 3444 Armanas»

282 3477 415 3562 reperit,
439 3499 567 3539 novam
589 3478 702 3537 forsan
725 3481 883 3559 speciem.

203 3613 285 3689 158,
335 3601 470 3670 Taenia
492 3602 601 3672 Aleae
627 3594 798 3698 Pioae.†
894 3596 903 3611 ’
955 3678 962 3689 ,

239 3713 319 3774 Ent.
341 3729 371 3772 2.
393 3733 426 3792 p.
447 3727 519 3786 204.
544 3722 579 3777 n.
602 3730 651 3790 92.
674 3716 720 3779 T.
740 3711 847 3780 Aleae
868 3715 983 3782 Picae.

237 3814 329 3878 Hah.
346 3813 433 3875 Cum
456 3816 570 3896 specie
592 3815 795 3898 insequente
816 3821 853 3883 in
866 3816 1035 3882 intestinis
1051 3823 1149 3888 Alcas

282 3916 384 3980 Plcae
406 3913 450 3987 Ο.
471 3917 656 3983 Francos
676 3921 818 4003 reperit,
851 3920 928 3988 fuse
949 3926 1013 3989 sed
1032 3923 1149 3995 inson-
