2408 4478
568 228 850 311 ’594-

228 381 361 449 circiter
382 380 483 446 totius
509 379 734 463 longitudinis
758 401 895 476 partem
926 386 1112 468 distantem
1137 416 1181 458 η.

225 491 314 550 ticus
342 488 508 548 interdurn
538 486 644 566 major
673 488 813 567 sistitur„
852 493 1038 575 valdeque
1072 496 1178 561 ditm

122 632 125 637 -
225 605 346 675 potest,
370 610 438 669 quo
460 607 614 669 apertura
633 606 821 654 transversa
845 594 902 668 fit;
926 600 1174 683 venerala'saprt·

226 710 299 755 tura
319 693 424 773 major
448 691 590 753 uidetur.
635 693 748 754 (Lirms
769 695 804 754 in
826 698 936 759 nullo
961 716 1124 769 exsertus,

331 797 466 856 Macula
484 795 594 855 albida
617 809 723 856 totum
747 797 890 859 dorsum
912 802 1080 879 decurrit,
1102 803 1170 867 varis

223 918 365 972 ramosa,
387 913 420 961 et
442 898 476 958 in
499 898 650 981 inferiori
665 899 814 979 corporis
838 903 953 967 latere
968 902 1066 967 illius
1086 924 1168 988 parts

224 1003 267 1065 ad
290 1005 391 1065 latera
415 1022 553 1081 tattoque
576 1002 611 1063 iu
634 1018 855 1083 conspectum
873 1005 1046 1075 veniunt.
1086 1006 1166 1073 Post

225 1124 263 1166 ca
279 1125 354 1185 pars
379 1113 528 1165 brunnea
551 1118 611 1168 est.

274 1259 336 1349 65.
364 1266 531 1334 Distoma
557 1264 740 1337 clavatum
762 1270 809 1357 tt,

332 1413 476 1494 Synopsi
507 1412 592 1495 typis
626 1414 779 1475 mandata
807 1413 972 1497 speciem
1000 1414 1090 1479 hant:
1110 1412 1159 1495 ἐπὶ

221 1538 322 1601 gnem
346 1520 463 1580 videre
489 1517 642 1578 nondum
663 1518 811 1600 contigit,
825 1523 1061 1599 postmodum
1078 1536 1158 1583 auter

222 1645 277 1687 am
319 1644 362 1682 nn
397 1626 570 1682 Gnarrrsso
599 1642 642 1681 ex
670 1620 789 1684 itinere
819 1624 908 1683 circa
933 1626 1062 1687 orbem
1081 1627 1158 1687 redut

222 1727 292 1787 duo
318 1744 451 1785 mecum
473 1722 738 1785 communicavit
766 1723 958 1804 specimina
979 1725 1019 1787 in
1042 1728 1157 1793 Soortlti

221 1828 406 1892 Petamtats
428 1824 617 1885 ventriculo
642 1842 783 1908 reperta,
802 1828 953 1891 alterum
979 1845 1078 1905 octo,
1104 1832 1156 1893 alc

220 1952 295 1994 rum
321 1948 435 1989 necem
458 1942 491 1989 et
513 1927 604 2006 quod
627 1929 771 1989 excurrit
797 1927 906 1991 lineas
931 1931 1060 2015 longa,
1076 1948 1155 2016 ¹patu

220 2032 385 2095 anteriore
409 2032 467 2091 vix
488 2050 607 2105 unam,
628 2032 907 2113 postremaduas
928 2032 1156 2116 superamicti

219 2156 312 2200 neas,
979 2130 987 2141 “

330 2239 412 2300 Pori
433 2236 636 2317 subglobosi,
659 2242 788 2313 arcticus
808 2236 1032 2317 subinferus,
1055 2254 1156 2307 venem

218 2345 263 2406 tis
284 2363 401 2424 parum
425 2344 547 2404 distans
570 2342 742 2412 maximus,
759 2341 818 2401 illo
843 2342 923 2423 plus
949 2364 1058 2423 quam
1077 2321 1155 2425 dupla

219 2444 336 2524 major,
360 2446 429 2506 lere
451 2444 575 2506 lineam
593 2461 769 2523 superans,
793 2463 850 2504 ore
873 2443 1012 2510 hiante.
1058 2449 1155 2527 Neque

219 2548 323 2612 cirrus
345 2568 458 2628 neque
481 2546 579 2625 hujus
600 2546 859 2628 receptaculum,
884 2551 950 2608 secl
972 2546 1068 2612 inter
1081 2562 1155 2630 pomt

216 2667 349 2715 tantum
371 2669 429 2713 vas
441 2663 665 2711 transversum
687 2648 818 2709 fuscum
831 2648 1002 2729 utrinque
1016 2652 1155 2716 reflexum

217 2767 251 2819 et
271 2752 456 2837 posteriora
480 2771 595 2815 versus
618 2753 807 2821 decurrens,
831 2749 1037 2819 exhibetur.

324 2856 442 2921 Collum
462 2858 497 2915 in
521 2877 636 2939 corpus
656 2853 777 2917 sensim
800 2849 866 2915 abit
880 2873 1013 2931 parurn
1038 2869 1157 2929 auctum.

215 2962 275 3024 sed
300 2958 518 3042 cylindricum
542 2956 746 3036 subaequale
775 2955 1035 3029 continuatum,
1062 2976 1156 3039 utque·

214 3065 296 3126 durn
320 3063 429 3124 subito
452 3062 590 3129 caudam
613 3077 769 3139 magnam
791 3057 977 3136 globosam
1004 3062 1130 3123 efficiat.

321 3165 442 3226 Totius
466 3166 588 3227 vermis
611 3157 803 3242 superficies
825 3159 1091 3239 elegantissime
1116 3158 1156 3247 pli

213 3282 298 3335 cata,
321 3269 407 3350 plica
429 3284 538 3330 tamen
561 3266 655 3328 nulla
685 3260 846 3323 circulum
874 3263 1092 3331 absolvente
1115 3260 1157 3327 sei

211 3375 248 3434 in
267 3391 374 3432 novas
398 3383 604 3443 transeunte,
627 3381 664 3428 ut
686 3378 753 3425 tota
782 3365 864 3424 cutis
887 3367 1038 3431 unicam
1061 3369 1156 3455 plicata

210 3472 301 3555 gyris
324 3471 509 3535 innumeris
540 3486 573 3534 et
595 3464 794 3531 tenuissimis
817 3469 1097 3553 saepissimeque
1116 3469 1156 3531 du

209 3575 336 3656 plicatis
372 3576 500 3635 efficiat.
555 3573 713 3652 Singulae
743 3570 858 3647 itaque
886 3569 1009 3649 plicae
1040 3575 1077 3637 in
1097 3570 1156 3635 atio

208 3675 333 3738 divisas
365 3696 462 3757 saepe
494 3676 639 3737 minores
669 3675 709 3735 ad
744 3671 874 3760 apicem
904 3677 1043 3742 caudae
1071 3689 1156 3755 usque

205 3779 344 3859 abeunt,
368 3779 462 3859 cujus
483 3781 617 3842 nullum
640 3775 713 3840 vidi
736 3772 927 3851 orificium,
955 3779 1022 3840 sed
1043 3778 1156 3842 ultimae
