2408 4478
440 224 444 231 '
516 242 697 327 -su
754 267 820 295 -

176 411 296 477 eadem
324 421 438 471 autem
464 402 507 468 sit
529 400 806 486 Androcephali
834 402 1124 489 speciae-conta·

175 517 256 577 dore
270 535 342 575 non
364 531 514 594 possum,
536 495 905 591 maguitudo'tamen
927 510 1064 577 eandem
1077 531 1124 579 cut

175 620 306 681 suadeo

287 720 367 783 Obs.
391 717 504 801 Quem
532 715 582 780 ill.
605 714 749 776 Crem
771 716 933 799 (Regne
954 715 1079 779 Animal
1096 719 1120 783 Τ.

172 824 243 888 IV.
265 845 298 903 p.
323 839 394 898 190.
415 820 502 879 Tab.
524 816 607 879 XV.
628 816 703 897 Fig.
730 834 763 880 1.
788 835 824 881 2.
859 823 896 883 F
899 822 1056 901 loriceps)
1072 820 1120 883 dd

173 926 267 989 neari
292 925 434 995 curavit,
458 942 499 983 ex
521 919 642 1000 hepate
668 923 951 1002 Ortbragorisca‘
973 924 1118 987 Moloeis«

172 1044 314 1103 sumtus,
338 1040 371 1086 et
387 1023 504 1102 utique
516 1041 633 1087 noster
654 1037 714 1086 est.
764 1024 902 1113 Quem
915 1048 962 1108 p,
975 1038 1025 1103 45.
1040 1040 1113 1088 auter

171 1130 284 1202 habet,
310 1129 607 1210 Boclrrioceplralus
627 1125 836 1207 corollatus,
868 1127 945 1189 huc
968 1149 1037 1189 nou
1053 1127 1111 1210 peri

173 1247 251 1309 net,
274 1245 393 1311 utpote
416 1229 624 1305 articulatus,
650 1227 770 1291 vesica
795 1232 948 1293 caudali
968 1234 1108 1294 destituar

173 1337 247 1397 Cel.
270 1331 350 1392 Viri
374 1349 483 1410 genus
521 1329 659 1413 proprie
690 1329 1021 1415 Bothriocephalos
1050 1334 1107 1417 rhp

172 1434 392 1498 clrolrothrios
416 1434 659 1514 complectitur,
680 1430 725 1494 ita
750 1448 790 1494 ut
813 1456 854 1516 p.
869 1437 929 1510 46.
952 1436 1106 1519 Tetrarhp

172 1538 253 1600 ciros
277 1558 295 1596 a
322 1535 519 1616 Floricipite
553 1533 679 1618 rninori
715 1534 957 1599 articulorum
980 1538 1106 1621 copiadi

172 1638 298 1718 stingui
322 1639 443 1712 tradat,
473 1628 591 1717 ¹neque
614 1636 790 1700 vesiculae
821 1641 1001 1715 candelis,
1034 1661 1105 1720 nequ

170 1739 430 1820 Anrhoceplrali
458 1738 564 1802 nostri
593 1737 719 1820 (paucis
754 1743 918 1803 articulis
955 1741 1105 1817 constantia}

169 1842 387 1905 mentionem
418 1844 533 1920 faciat,
565 1858 604 1905 ut
640 1842 733 1904 hunc
757 1845 878 1905 serius
902 1844 1067 1919 detexisse
1081 1844 1106 1909 ri-

166 1946 297 2009 deatur.

223 2125 255 2177 2.
281 2105 583 2198 ‚lnthocephalus
608 2105 754 2201 gracilis
783 2113 836 2180 R.
865 2134 905 2180 n.
938 2135 996 2205 sp

276 2253 424 2316 Scomdri
437 2255 564 2314 Roclrei
583 2255 735 2315 Rrssoxrs
757 2255 959 2336 peritoneo
975 2254 1109 2320 intestino

168 2379 245 2419 rum
271 2357 437 2418 vesiculas
465 2355 679 2417 inhaerentes
709 2362 823 2437 reperi
854 2363 1015 2445 Neapoli
1039 2361 1109 2424 Juri'o

124 2497 127 2505 ·
165 2478 297 2524 mense.
321 2461 457 2520 Harum
480 2458 589 2539 major¹
607 2462 735 2523 lentem
759 2467 969 2543 superabat,
993 2465 1107 2545 reliquae

166 2563 294 2624 lineam
316 2562 408 2622 haud
439 2562 661 2644 attingebant,
690 2564 822 2644 duplici
855 2582 1020 2631 constare
1047 2568 1108 2628 visae

167 2665 288 2726 tunica.
339 2665 431 2724 Julio
460 2663 662 2743 insequente
701 2665 829 2726 iterum
858 2670 1052 2741 Scombraria
1070 2672 1109 2731 iu

165 2772 236 2829 chel
255 2769 364 2840 secui,
387 2769 617 2847 compluribus
649 2781 681 2830 et
702 2766 899 2847 majoribus
925 2773 1108 2856 hydatidibur

165 2870 370 2941 obnoxium,
393 2870 589 2949 praesertim
613 2870 781 2946 testiculis,
819 2873 888 2934 sed
925 2876 1029 2938 etiam
1056 2872 1108 2958 peri

164 2974 277 3033 cardio
302 2987 333 3033 et
357 2972 546 3033 ventriculo
577 2976 654 3035 laxe
683 2972 978 3055 adhaerentibus,
1016 2980 1107 3043 lineari

164 3077 205 3134 ad
230 3090 374 3153 quatuor
399 3096 475 3136 curn
502 3074 643 3136 dimidia
665 3074 793 3137 lineam
812 3079 955 3162 longis,
980 3082 1031 3143 his
1052 3084 1106 3142 ultn

160 3176 293 3237 lineam
312 3176 438 3242 crassis.
485 3179 633 3240 Vermes
656 3190 719 3241 tres
744 3179 789 3239 ad
813 3200 880 3244 sex
905 3183 1017 3247 lineas
1041 3182 1105 3264 lorgi

158 3291 247 3340 suut.

267 3378 398 3443 Tunica
420 3381 587 3463 hydatidis
611 3386 734 3446 extima
755 3383 869 3460 firma,
898 3407 1005 3472 saepe
1027 3390 1105 3470 splen·

159 3481 261 3559 dens,
285 3499 341 3543 aut
363 3483 485 3545 coloris
507 3485 626 3566 grisei3
655 3486 805 3549 secunda
829 3492 1056 3572 tenuissima,
1078 3509 1106 3550 se·

156 3583 270 3646 ctione
294 3587 518 3664 praecedente
547 3588 773 3671 praetervisa13
818 3592 926 3654 tertia
942 3593 1061 3657 ‘minus
1079 3606 1105 3651 te·

154 3684 243 3758 nnis,
268 3688 409 3748 candida
432 3703 582 3751 ceterum
605 3693 654 3754 uti·
677 3691 845 3767 secunda,
868 3698 1036 3782 oblonga,
1046 3709 1106 3758 uuo·

152 3806 221 3865 que
245 3785 339 3866 apice
363 3789 491 3853 intruso
511 3794 596 3873 (quo
621 3794 792 3874 perforata
818 3794 1027 3880 videretur)
1047 3815 1104 3877 aqffl

147 3887 384 3977 limpidissima
416 3896 558 3975 repleta.
614 3896 713 3958 Haec
741 3909 796 3958 est
827 3899 956 3967 vesica
993 3897 1104 3968 sandalis
