2452 4478
390 238 669 354 ''Wl-

52 429 205 496 exactam
226 447 287 490 suo
310 432 463 508 'tempore
487 426 624 500 dabant,
651 421 710 487 sed
738 421 846 488 obiter
866 425 949 491 lraec
969 427 1005 492 il·

51 536 131 598 lave
154 531 355 594 indicabant.
387 529 556 592 Vermern
576 527 789 603 invertendo,
811 551 934 611 porum
952 558 1005 598 an-

52 636 160 699 ticum
193 635 283 695 collo
317 645 351 694 et
378 631 567 692 ventralem
595 631 791 710 pedunculo
820 633 1004 700 insidentes

52 718 248 822 pro'cauda
271 722 397 816 duplici
419 731 552 807 habuit,
575 733 669 812 cujus
693 731 860 796 orificium
885 753 1006 801 utrum-

54 861 123 921 que
145 852 297 921 apertura
318 832 471 918 genitalis
487 831 664 896 diceretur.
710 833 887 898 Orifrcium
909 839 1006 903 inter-

53 943 208 1005 medium
228 960 289 1020 pro
313 956 378 999 ano
407 933 546 997 veniens
577 935 691 998 forsan
721 936 796 1001 citri
819 955 1006 1022 receptacu-

54 1045 129 1107 lum
147 1041 222 1111 fuit.
249 1040 284 1102 Si
298 1052 411 1102 autem
432 1037 538 1118 figura
559 1038 600 1096 ab
623 1036 672 1099 ill.
696 1040 770 1104 viro
795 1043 905 1104 oblata
923 1067 1006 1110 vere

55 1145 323 1227 magnitudinem
351 1130 536 1200 naturalem
570 1139 723 1217 exhibet,
758 1145 937 1224 specimina
964 1151 1008 1230 gi·
1051 1163 1055 1177 '

55 1261 178 1332 gantea
199 1245 297 1309 vidit.
341 1243 396 1304 De
419 1242 555 1302 illorum
574 1248 671 1303 m'otu
692 1243 778 1308 nihil
800 1247 909 1310 refert.
922 1271 1007 1312 mor-

56 1364 115 1413 tua
129 1349 237 1429 igitur
257 1344 365 1407 fuisse
384 1342 555 1418 videntur,
577 1345 669 1422 quod
689 1348 837 1408 colorem
860 1351 1009 1415 albidum

56 1451 181 1515 iisdem
203 1449 363 1511 tributum
386 1445 578 1523 explicaret.
629 1448 805 1511 Interanea
834 1452 1007 1534 descripta,

58 1550 285 1634 explicatione
312 1547 465 1610 Rediana
493 1543 653 1626 seposita,
694 1551 751 1610 illa
783 1552 1010 1618 D'istomatum

57 1655 106 1718 sic
129 1653 207 1716 satis
230 1651 392 1714 exhibent
413 1668 528 1731 neque
550 1650 591 1712 ad
606 1650 690 1712 alius
713 1652 840 1715 ordinis
864 1673 1010 1723 entozoa
1038 1655 1040 1658 ’

55 1756 176 1822 referri
197 1767 363 1836 possunt.v

168 1857 387 1928 Burrenum,
419 1849 780 1931 Helmintholognrum
804 1857 924 1932 decus,
950 1863 1011 1922 Di-

58 1971 204 2023 stomate
238 1957 366 2017 furcato
399 1975 435 2017 n.
466 1969 517 2034 72.
546 1952 695 2030 detecto,
731 1957 938 2023 Schisturum
971 1967 1012 2026 ad

58 2062 156 2126 idem
179 2077 285 2143 genus
306 2057 539 2119 revocandum
563 2073 634 2118 esse
662 2055 698 2116 in
729 2057 846 2122 litteris
870 2068 1012 2140 monuit,

59 2182 180 2242 neque
208 2159 406 2242 negandum
435 2172 501 2233 est,
537 2158 624 2220 illud
650 2157 726 2221 licet
747 2161 891 2233 maxime
913 2167 1013 2250 pusii.

58 2267 137 2328 lum
160 2264 252 2325 hunc
274 2260 401 2346 optime
424 2263 562 2325 referre·

119 2436 198 2509 152.
225 2420 392 2495 Distoma
416 2406 631 2491 Wachniae.

173 2569 328 2630 Transms
350 2562 472 2642 (Mem.
502 2566 545 2628 de
575 2563 673 2627 l'Ac.
700 2562 759 2626 des
788 2566 943 2638 Scieuces
975 2581 1016 2642 de

63 2671 114 2736 St.
135 2669 362 2748 Petersbourg
385 2669 426 2728 Τ.
449 2669 498 2729 ΙΙ.
521 2688 554 2748 p.
573 2669 645 2743 363.
670 2680 702 2731 et
725 2680 797 2746 374·
822 2673 904 2739 Tab.
920 2680 1014 2748 XIX.

63 2772 147 2853 Fig.
168 2771 299 2849 8—10.)
322 2771 481 2832 Distoma
507 2773 543 2831 in
567 2768 653 2831 Gadi
684 2771 870 2838 Waclmiae
896 2778 1018 2847 incesti.

65 2875 123 2957 nis
151 2890 319 2956 repertum
353 2872 462 2935 obiter
489 2873 605 2944 refert,
636 2872 727 2954 quod
758 2873 872 2937 forsan
902 2883 941 2942 ad
973 2888 1018 2949 D,

67 2979 223 3040 scabrum
243 2997 277 3039 n.
304 2992 373 3037 121.
398 2976 553 3056 pertinet.
596 2973 760 3052 Ejusdem
783 2992 896 3042 autem
921 2983 1017 3064 piscis
1079 3039 1083 3045 .

67 3082 228 3142 Distoma
250 3081 362 3139 lorsan
384 3080 496 3138 renale
519 3076 620 3149 vidit,
644 3076 736 3156 quod
767 3077 853 3141 inter
875 3076 1019 3152 entozoa

68 3181 168 3245 dubii
196 3183 393 3263 generisrn.
420 3193 477 3258 54.
500 3181 644 3264 Syuops.
672 3200 705 3260 p.
735 3195 804 3261 193.
826 3185 1021 3267 relinquere

68 3298 204 3348 coactus
225 3304 310 3346 sum.

232 3504 399 3576 Genus
435 3460 570 3574 ΧΠ..
601 3501 864 3578 Tristoma.

160 3691 233 3752 Cel.
251 3690 331 3751 olim
352 3691 404 3753 LA
418 3691 655 3762 Mina-rrum,
680 3693 736 3769 qui
749 3696 930 3758 secundam
955 3720 1025 3783 spe-

70 3793 157 3856 ciem
183 3793 327 3871 detexit,
357 3792 509 3872 ejusdem
538 3807 570 3854 et
600 3793 862 3874 descriptionem
892 3818 926 3864 et
948 3804 1027 3885 fign.

67 3915 123 3959 ras
149 3894 260 3970 dedit,
283 3896 397 3956 locum
420 3915 505 3957 vero
528 3894 564 3956 in
586 3895 769 3976 systemate
788 3898 939 3966 Naturae
956 3927 1025 3968 non
