2408 4478
388 234 667 372 -207'-

46 442 132 512 siori
170 444 337 509 nebulosa
379 455 537 520 utuntur,
582 440 704 523 quibus
747 460 767 504 a
808 439 1009 508 0011111100-
1055 511 1059 518 ,

47 572 127 615 tum
165 550 262 630 prole
297 547 442 608 multum
473 545 647 610 recedunt.
698 544 826 608 Confer
857 547 1010 629 speciem

52 668 223 717 octavam.

163 753 246 817 Obs.
271 767 299 814 1.
344 749 424 835 Quo
447 746 550 810 abibit
570 749 683 831 proles
707 747 783 824 illa,
824 771 867 813 an
885 753 930 837 ab
951 750 1011 814 ho·

51 856 152 920 mine
184 848 318 916 homini
362 848 643 925 communicatur,
688 873 730 913 an
766 850 847 913 alibi
878 842 1011 917 eonsen-

53 959 179 1033 vanda,
201 950 337 1018 demum
359 951 535 1014 hominem
557 951 613 1015 via
634 943 804 1036 incognita
822 953 968 1036 petens?

168 1059 248 1121 Obs.
272 1070 303 1119 2.
345 1052 438 1114 Num
462 1042 567 1116 Vena
602 1055 809 1119 medinensis
840 1050 877 1118 in
905 1048 1013 1122 Ame«

55 1162 126 1226 rica
149 1168 298 1241 quoque,
321 1168 436 1216 utrum
457 1146 674 1218 Solum'mudo
695 1146 731 1218 in
753 1156 864 1220 Africa
881 1175 915 1223 et
928 1159 1016 1224 Asia

57 1265 197 1336 oriatur,
221 1260 329 1321 adhue
351 1260 412 1318 sub
431 1257 546 1338 judice
567 1258 609 1319 lis
635 1251 699 1330 es't3
737 1259 883 1341 plurimi
897 1275 1017 1325 tamen

59 1365 229 1449 originem
262 1350 483 1423 americanam
520 1373 661 1442 negant,
708 1365 807 1424 etiam
834 1362 1015 1427 Savannsr

36 1464 268 1529 'novissimus
290 1463 352 1524 hac
373 1462 416 1525 de
437 1481 474 1525 re
490 1461 631 1544 scriptor
643 1462 707 1543 (de
727 1464 759 1524 la
771 1457 898 1527 Fidvre
909 1463 1016 1546 jaune

59 1574 210 1650 T010P·
234 1562 385 1645 5-12')
860 1573 865 1587 ι

171 1670 255 1732 Obs.
278 1683 307 1743 3.
352 1657 461 1745 Angli
484 1663 656 1745 cujusdam
678 1659 936 1745 (Wnnmson
947 1663 1018 1729 Me·

60 1771 148 1836 dical
174 1773 239 1833 and
261 1766 520 1828 miscellaneous
545 1764 790 1830 Observations
813 1768 957 1850 relating
980 1782 1017 1830 to

60 1875 119 1938 the
142 1868 333 1936 Westindia
355 1869 484 1928 Islands
515 1871 553 1929 T.
585 1884 613 1933 1.
642 1870 840 1955 Edinburgh
868 1883 960 1948 1817.
985 1878 1019 1941 8.

60 1998 96 2059 p.
120 1973 185 2054 57)
214 1972 392 2042 sententia,
437 1968 630 2048 portionem
659 1972 804 2035 Filariae
833 1972 1020 2054 disruptam

61 2092 95 2142 et
119 2077 156 2139 in
180 2095 323 2157 corpore
344 2073 492 2133 relictam
514 2072 645 2136 novum
660 2075 782 2136 animal
795 2077 920 2148 sistere,
944 2095 1020 2156 pro·
1104 2098 1110 2111 ·

62 2180 119 2241 cul
141 2176 246 2239 dubio
277 2174 459 2257 rejicienda
488 2189 552 2250 est,
593 2175 718 2238 vermis
748 2175 841 2238 enim
862 2175 936 2238 talis
959 2175 1025 2237 dis·

64 2293 185 2362 ruptus
225 2277 381 2340 citissime
415 2277 580 2357 collapsus
608 2275 779 2351 moritum·
807 2279 867 2342 sed
899 2277 1022 2339 nostris

66 2383 276 2463 temporibus
309 2377 467 2446 Filariam
500 2378 596 2438 istam
621 2377 798 2440 animatam
819 2377 856 2441 in
879 2379 1024 2442 dubium
1089 2457 1092 2462 Ι

66 2482 185 2547 vocari
207 2503 324 2564 posse,
366 2485 435 2546 iere
456 2502 598 2544 omnem
620 2481 723 2542 fidem
747 2495 891 2563 superat,
913 2495 947 2545 et
969 2501 1025 2544 ex·

68 2588 225 2647 stiterunt
253 2597 362 2648 tamen
387 2584 445 2666 qui
467 2583 560 2645 illam
585 2581 635 2643 nil
656 2583 722 2643 nisi
745 2586 943 2647 cellulosam
964 2583 1026 2648 vel

68 2708 175 2751 venas
198 2702 366 2751 emortuas
389 2705 462 2749 esse
484 2669 736 2762 contenderint,
760 2688 799 2748 11.
821 2687 968 2750 Lami
987 2685 1027 2746 in

68 2788 287 2871 Bulletinlde
309 2790 340 2851 la
363 2790 439 2854 Soc.
462 2789 609 2852 Philum.
632 2791 669 2848 T.
680 2802 712 2865 3.
732 2788 797 2865 (an
823 2806 873 2852 12.
894 2808 929 2852 n.
952 2787 1028 2864 83.)

69 2916 102 2976 p.
130 2903 201 2974 178.
223 2906 256 2954 et
281 2893 323 2958 11.
345 2894 553 2953 1111111110
581 2889 839 2971 (Nosographie
868 2887 1028 2971 chirurgi·

71 2997 142 3058 cale
170 2984 236 3060 Ed.
260 2995 327 3055 111.
358 2993 463 3060 Paris.
489 3003 580 3076 1812.
609 3004 638 3063 8.
667 2994 765 3052 Tom.
780 2990 852 3060 IV.
874 3011 908 3071 p.
934 2994 1029 3068 133),

72 3099 125 3162 cl.
147 3097 257 3160 Mane
293 3095 330 3156 in
358 3094 488 3159 Lexico
521 3093 660 3156 Medico
700 3092 934 3170 (Dietionaire
967 3093 1029 3156 des

73 3200 223 3262 scientes
259 3195 440 3262 Medicales
480 3198 519 3257 T.
544 3196 586 3261 X.
607 3195 703 3257 Paris
729 3207 822 3269 1814.
843 3206 874 3267 8.
909 3216 944 3277 p.
966 3205 1032 3270 244
1083 3270 1087 3287 ‚

73 3313 105 3362 et
128 3319 178 3382 sq.
203 3299 429 3380 Dragoneau)
468 3311 642 3361 entozoon
672 3304 746 3361 es'se
775 3297 915 3379 quidem
938 3298 1033 3360 evin·

75 3401 128 3476 cit,
152 3402 215 3464 sed
235 3403 279 3463 ob
301 3399 432 3482 apicem
454 3397 677 3462 unciformem
705 3423 724 3462 a
745 3399 878 3485 Filariis
905 3392 1034 3481 geneie

75 3499 265 3585 distinguit,
288 3503 411 3584 quibus
442 3517 555 3565 tamen
581 3502 643 3563 cel.
667 3501 842 3575 Lamnae,
866 3501 909 3565 de
930 3501 1036 3563 Emo-

75 3605 235 3688 zoologia
256 3603 385 3688 optime
406 3607 543 3668 meritus
566 3603 630 3680 (ib.
651 3607 690 3666 T.
701 3601 802 3663 XIV.
823 3602 920 3664 Paris
944 3601 1037 3674 1816.

76 3716 104 3778 8·
125 3703 162 3789 P.
186 3719 261 3782 493·
285 3705 428 3784 Pilaire)
450 3706 611 3771 reddidit.

183 3807 267 3871 Obs.
288 3820 319 3884 4.
363 3808 420 3870 De
447 3806 592 3870 Filariae
622 3819 758 3871 nostrae
787 3803 1039 3886 antiquitatibus

76 3911 165 3981 eous.
194 3911 227 3975 J.
249 3911 313 3974 Fit.
334 3910 385 3975 M.
411 3908 626 3980 1110111111.
682 3910 741 3986 De
762 3905 977 3991 Vegetativis
1007 3917 1042 3966 et
