2452 4478
574 264 649 330 aa?
678 269 753 362 65⁰
803 301 856 327 .-

317 450 321 455 '
348 441 485 525 Capitis
502 456 546 505 ‘o's
565 436 721 503 medium
734 434 869 522 papillis
891 436 1126 522 compluribus
1140 439 1186 505 he·

236 543 463 628 misphaerIcis
487 542 645 610 cinctum.
695 541 824 623 Corpus
845 554 1046 604 antrorsum
1061 542 1133 606 satis
1151 560 1185 606 at-

237 636 425 718 tenuatum,
447 645 634 727 posteriora
656 662 777 708 versus
798 662 924 725 parum
947 644 1124 721 decrescit,
1143 660 1187 709 aut

235 752 332 813 idem
368 749 535 809 volumen
571 760 695 811 servat.
753 744 873 808 Gauda
900 745 1070 824 incurva,
1109 747 1185 831 apios

238 854 395 915 subulato
416 846 648 930 longiusculo,
683 861 759 912 ante
792 867 897 928 quem
924 869 1023 914 anus.
1067 849 1185 915 Intesti·

235 972 322 1016 num
343 964 434 1014 recte
457 949 619 1026 decurrit,
646 949 683 1012 in
707 951 796 1012 collo
820 949 1009 1015 ventriculi
1032 954 1185 1035 quandam

237 1053 387 1137 speciem
409 1050 550 1134 effingit,
568 1053 792 1134 granulatum.

340 1155 509 1218 Omnium
531 1148 633 1216 trium
654 1154 861 1218 Proteorum
890 1140 1058 1221 intestina
1079 1158 1184 1243 passim

235 1256 459 1343 Ityda'tr'dibus
480 1253 647 1336 solitariis,
668 1256 729 1318 vel
748 1255 848 1319 etiam
867 1260 1061 1342 aggregatis
1085 1263 1184 1335 obsita,

235 1359 412 1446 pauciores
444 1355 482 1419 in
503 1357 626 1439 hepate
660 1361 781 1440 reperi.
831 1361 875 1421 In
911 1375 1038 1441 quarto
1072 1366 1182 1429 Proteo

237 1464 354 1525 ¹omnia
374 1475 511 1541 prorsus
533 1461 662 1522 viscera
683 1459 723 1522 iis
746 1463 929 1528 scatebant.

344 1562 441 1624 Nihil
463 1561 530 1625 nisi
549 1560 722 1625 materiam
744 1584 917 1629 caseosam
939 1565 1125 1632 continere
1138 1567 1185 1651 pti·

237 1685 336 1731 mum
358 1663 451 1726 visae
468 1677 556 1739 sunt,
579 1682 694 1746 neque
704 1669 820 1731 oculu·
831 1671 890 1732 vel
910 1669 1019 1733 nudi's
1038 1673 1186 1735 vellente

239 1764 391 1850 simplici·
405 1766 537 1829 armatis
555 1780 686 1830 vermes
705 1770 865 1853 ‘detegere
881 1772 1007 1852 potui:
1042 1774 1188 1836 Tandem

237 1868 454 1950 microscopii
474 1867 643 1932 beneficio
667 1869 917 1949 minutissimos,
937 1894 1026 1935 curn
1051 1876 1189 1939 Cuculls

239 1964 366 2039 notum
386 1971 744 2056 prolemicroscopica
767 1976 1017 2056 comparandos
1053 1981 1191 2042 observa-

239 2078 289 2155 vi,
312 2070 420 2154 capite
440 2075 575 2150 obtuso,
597 2078 816 2159 caudalonga
832 2078 991 2140 subulate
1009 2077 1191 2152 iustntotos,

239 2176 480 2240 vividissimos.
525 2179 568 2238 In
589 2177 702 2258 parvis
726 2178 940 2260 hydatidibus
966 2200 1089 2244 unum
1109 2184 1193 2243 duos

239 2303 284 2344 ve
303 2277 452 2353 tanturn,
472 2278 508 2338 in
531 2280 660 2360 majore
683 2274 810 2360 autern,
833 2283 1030 2363 eademque
1056 2287 1192 2367 globosa,

194 2418 196 2423 .
238 2383 363 2446 lineam
385 2380 557 2442 dimidiant
575 2381 734 2444 diametro
748 2397 936 2464 superante,
959 2406 1132 2469 magnum
1148 2386 1193 2446 ho

239 2508 316 2549 sum
338 2505 520 2547 numerum
542 2499 577 2548 et
606 2486 709 2547 simul
736 2489 873 2547 exuvias
908 2487 1056 2567 majoris
1083 2487 1191 2554 vermis

238 2588 369 2670 repeti,
388 2607 496 2668 quem
519 2588 560 2647 ad
583 2586 660 2649 illos
685 2608 783 2670 supra
806 2586 993 2669 descriptos
1021 2591 1190 2667 traherem,

236 2693 315 2757 licet
337 2687 486 2771 corporis
507 2693 654 2751 tunicam
675 2710 816 2753 vacuam
839 2691 947 2750 solem
971 2690 1126 2757 sisteret.

345 2783 535 2874 Hydatides
557 2789 671 2872 itaque
693 2793 863 2873 expositae
875 2790 1004 2853 horum
1032 2794 1190 2859 vermium

238 2893 313 2961 nidi
343 2907 440 2967 sunt,
469 2894 760 2972 quemadmodum
789 2882 973 2955 Distomati
1002 2899 1191 2979 crystallino

238 2995 366 3058 similes
395 2994 610 3078 contingunt,
641 2995 733 3058 soni.
753 3016 788 3075 p.
812 3005 883 3070 380.
934 2997 1080 3062 Forsan
1104 2999 1190 3065 etiam

239 3096 420 3162 Ascarides
447 3096 553 3159 incisa
580 3099 720 3181 Synops.
743 3117 779 3177 p.
800 3097 851 3171 46.
873 3114 906 3158 n.
930 3108 986 3176 41.
1017 3118 1055 3168 et
1083 3103 1191 3188 pusilla

238 3199 285 3263 ib.
307 3223 341 3262 n.
364 3213 417 3275 42.
444 3199 643 3281 hydatidum
663 3200 795 3263 incolae
815 3210 850 3263 et·
871 3201 1093 3288 perexiguae
1124 3224 1191 3270 non·

238 3302 304 3366 nisi
324 3304 434 3364 foetus
457 3317 542 3364 suut.

177 3445 180 3451 ¹
288 3474 354 3555 57.
380 3458 490 3554 Rajae
515 3462 625 3535 Betis.

349 3610 421 3672 Cel.
455 3609 567 3673 Atax.
599 3605 732 3673 Mortuo
764 3608 1037 3692 (observatione
1067 3634 1116 3676 on
1148 3608 1190 3672 ue

241 3721 407 3775 structure
428 3714 495 3774 and
523 3712 694 3775 functions
723 3713 762 3775 of
784 3714 839 3776 the
867 3712 1041 3778 Nerv'ous
1066 3717 1189 3798 Sysreu

242 3813 370 3882 Edinb.
394 3827 485 3892 1783.
508 3815 584 3894 fol.)
614 3814 746 3897 aliquot
771 3814 955 3880 vesiculas·
980 3815 1189 3883 Nemetoidet

244 3915 367 4000 exigua
388 3921 598 3986 continentes
619 3919 658 3984 in
681 3919 791 4007 Rajae
817 3919 925 3986 Betis
953 3920 1103 3987 ramulis
1122 3906 1186 3984 nni
