2452 4478
571 255 851 329 '⁴588-

234 407 458 498 &plicantun¹
489 429 562 471 uon
589 406 682 471 enim
709 403 780 469 lobi
814 401 999 471 vesiculae
1027 402 1178 471 seminalis

232 538 310 582 asse
335 527 488 597 possunt,
511 532 598 591 quae
620 509 691 591 ipsa
713 507 805 571 visui
827 508 1052 573 subtrahitur.
1094 514 1181 575 Inter-

232 623 318 681 dum
339 615 439 679 etiam
468 613 620 675 vesicula
648 614 707 673 illa
727 613 953 693 propendens
984 614 1061 695 ipsa
1086 614 1181 675 lobau

231 732 296 796 ast,
318 720 375 780 vel
397 716 549 796 didymai
596 746 599 753 ·

329 821 467 891 Goaria,
487 816 608 896 quibus
622 813 994 898 Echinorhyuchorum
1009 837 1081 881 ova
1101 819 1184 879 couti

236 934 407 994 narentur,
430 940 502 981 non
523 920 654 991 adsunt,
677 920 738 981 sed
759 918 841 980 haec
862 918 972 981 libera
989 917 1029 981 in
1053 915 1184 979 abdoui·

236 1044 284 1085 ne
312 1033 442 1094 natant,
478 1020 634 1099 interque
673 1039 713 1081 ea
741 1023 943 1101 corpuscula
970 1020 1184 1101 reperiuntur.

239 1143 325 1205 quae
343 1141 405 1203 pro
426 1119 684 1203 cotyledouibus
704 1135 760 1182 aut
770 1124 974 1202 placentulis
989 1120 1108 1197 habui,
1121 1140 1185 1202 quo

235 1243 384 1303 rumque
405 1244 470 1303 ope
489 1236 586 1286 antea
610 1242 676 1285 ova
697 1222 763 1283 cuti
786 1222 895 1285 adfixa
908 1226 1111 1295 crederem
1132 1242 1186 1305 par·

239 1327 326 1389 tibus
348 1325 472 1397 saltem,
495 1345 583 1404 quae
604 1324 642 1387 iu
652 1323 882 1389 Nsmatoitleis
906 1329 994 1390 tales
1018 1325 1188 1389 certissime

234 1443 329 1502 ¹stant,
350 1429 494 1491 maxime
517 1427 636 1488 affines
659 1426 892 1491 inveniuntur.
946 1428 1077 1491 Ovarii
1098 1425 1187 1506 majo-

239 1532 285 1594 ris
307 1526 632 1610 speciem.a.tunica
653 1528 801 1610 corporis
823 1534 959 1595 interna
983 1530 1072 1597 oriri
1092 1548 1189 1611 posse,

240 1634 378 1713 quando
401 1645 538 1695 externa
560 1632 601 1691 ah
625 1631 745 1692 eadem
763 1634 875 1699 soluta
896 1644 964 1709 ost,
996 1633 1102 1697 facile
1128 1651 1189 1693 rou

238 1734 372 1815 cipitur,
395 1735 519 1796 eodem
539 1732 644 1795 modo
667 1751 786 1812 corpus
809 1736 953 1795 atuuica
973 1748 1122 1797 externa
1135 1752 1189 1797 em·

239 1833 651 1917 physematica··cinctum
694 1856 756 1919 pru
779 1840 876 1903 tubo
912 1833 1110 1905 intestinali
1142 1834 1189 1897 iu

239 1937 364 2019 posuit.
543 1994 560 2002 .,

237 2062 243 2069 ·
347 2038 377 2114 ᾗ.
393 2051 427 2117 3.
455 2039 528 2103 Cel.
549 2040 704 2105 Nrrzscu
725 2039 876 2124 (Bsitrag
896 2059 962 2103 zur
986 2042 1191 2105 Inlusotisu

238 2139 353 2201 kunde
375 2160 408 2219 p.
432 2127 468 2216 7(
485 2155 519 2202 et
540 2163 571 2222 p.
597 2144 660 2220 11.)
682 2144 891 2208 Distomacis
913 2163 1049 2222 porum
1071 2156 1190 2209 ventra-

238 2244 310 2304 lem
330 2241 393 2300 hoc
415 2242 553 2304 nomine
576 2244 753 2324 indignum
778 2260 810 2306 et
832 2263 967 2307 merum
995 2265 1077 2308 esse
1099 2258 1190 2308 aeetae

240 2343 346 2405 bultem
368 2345 550 2404 suctorium
572 2346 699 2421 statuit,
738 2347 845 2426 quod,
859 2408 862 2413 ,
876 2346 904 2407 si
936 2347 1021 2426 pori
1045 2347 1186 2410 fabricam

238 2447 463 2507 musculosam
488 2460 521 2506 et
543 2446 692 2508 fundum
715 2451 872 2522 clausum,
890 2446 1085 2529 ipsumque
1110 2451 1186 2511 inter·

237 2547 378 2609 durnin
401 2547 663 2635 Distomatibu5‚
684 2549 877 2629 praesertim
900 2548 1048 2629 piscinis
1073 2547 1184 2632 prolabi

236 2666 376 2730 spectas,
401 2648 516 2727 utique
540 2670 661 2710 verum
683 2650 826 2717 videtur.
848 2653 931 2730 Ipse
957 2671 1182 2732 quoquenuu·

234 2774 337 2831 quam
361 2750 522 2815 mercurii
546 2749 618 2812 vim
656 2751 726 2830 ejus
747 2752 893 2813 fundum
925 2753 1075 2818 vincere
1101 2771 1179 2835 posse

237 2853 432 2927 observavi,
467 2852 527 2913 sed
550 2857 725 2915 auctoritas
756 2856 889 2926 Goszn,
931 2858 997 2933 qui
1022 2857 1179 2936 (Naturgs

236 2957 304 3016 sch.
328 2958 388 3017 dor
409 2956 562 3033 Eiugew‚
586 2977 618 3035 p.
644 2957 731 3034 170.)
752 2954 885 3016 alterius
907 2956 1132 3020 Distomatis
1148 2961 1179 3018 lu

234 3061 344 3138 patiri
367 3055 489 3116 cirrum
512 3055 646 3117 alterius
661 3079 745 3136 poro
767 3058 908 3119 ventrali
929 3054 1127 3120 immissum
1140 3060 1178 3119 ol

235 3176 386 3221 servasse
410 3159 500 3228 vult,
533 3157 714 3235 quominus
746 3157 843 3221 illum
874 3180 937 3240 pro
964 3182 1067 3235 mero
1098 3178 1177 3222 aceu-

234 3261 317 3319 bulo
339 3258 506 3333 haberem,
528 3258 651 3330 vetuit,
687 3273 719 3321 et
740 3282 803 3323 am,
827 3261 966 3322 Oranus
987 3265 1061 3337 (De
1086 3276 1176 3343 vaget

232 3358 423 3421 et'auirnat.
447 3380 479 3439 p.
498 3358 567 3436 45.)
588 3356 699 3423 simile
730 3361 811 3441 quid
840 3360 876 3422 iu
899 3365 1109 3425 Distomate
1138 3359 1175 3448 fo

232 3464 280 3525 lio
302 3460 429 3523 vidisse
452 3456 517 3520 sibi
538 3457 682 3524 videtur.
717 3465 788 3526 Cel.
803 3477 916 3527 tamen
932 3465 1064 3527 Garun
1087 3466 1175 3542 (obss.

233 3563 276 3623 de
308 3561 425 3626 insect.
461 3575 494 3623 et
527 3580 634 3627 verm.
663 3577 825 3625 structura
854 3588 889 3645 p.
921 3569 994 3642 11.)
1028 3568 1171 3629 Goszrru

231 3660 473 3744 hallucinatum
496 3677 622 3725 estest
643 3664 832 3729 Distomata
862 3687 940 3727 casu
967 3666 1121 3730 invicem
1140 3663 1174 3726 ad·

231 3760 378 3823 haesisse
401 3763 592 3844 suspicatur,
616 3785 761 3848 cumque
785 3771 901 3849 ovula,
926 3771 1026 3850 quod
1040 3752 1174 3849 ipsesae·

231 3860 309 3946 pius
336 3860 487 3933 distincte
513 3865 602 3948 vidi,
637 3890 710 3936 uon
740 3891 800 3956 per
834 3892 964 3956 porum
995 3872 1171 3940 ventralem.
