2452 4478
585 288 635 308 ⁶..
688 272 759 344 50,
812 288 862 307 ..

257 460 260 465 -
352 421 588 488 Articulorum
609 419 849 488 latissimorum
863 424 1021 488 maculae
1042 409 1195 492 rotundae

247 547 371 607 opacae
383 527 478 605 duae,
493 525 609 586 dextra
623 539 656 586 et
671 524 813 600 sinistra,
826 530 948 589 ovorio
960 526 1132 601 sistentes,
1147 529 1194 591 mi-

244 643 309 689 nus
326 631 470 702 latorum
490 646 592 709 saepe
612 628 749 693 alterius
767 626 881 689 lateris
902 614 1058 709 maculae
1077 645 1193 692 tantum

242 731 376 804 adsunt,
384 731 518 809 qualem
532 729 804 810 inaequalitatem
817 749 873 790 me
888 745 989 792 antea
1000 733 1191 798 observasse

242 835 316 893 non
339 834 449 893 credo.
491 827 553 891 Ad
573 843 754 911 utrumque
768 832 853 896 latus
877 849 936 893 vas
948 831 1191 914 longitudinalc

243 931 400 995 decurrit.
420 932 544 1011 Neque
567 952 634 996 ova
657 932 782 997 ovariis
804 931 1006 1013 exprimere,
1025 955 1142 1016 neque
1154 958 1191 998 ar-

242 1034 353 1097 ticulis
388 1033 535 1099 dissectis
567 1032 626 1098 illa
660 1035 781 1098 videre
815 1032 968 1116 contigit,
1015 1036 1190 1101 Foramina

241 1133 458 1201 articulorum
479 1156 589 1216 aeque
611 1156 731 1217 parum
754 1135 841 1209 vidi.

211 1222 213 1226 ⁸
346 1238 442 1300 Num
461 1238 547 1300 haec
560 1221 733 1319 propriam
748 1237 834 1301 sistit
846 1238 1014 1319 speciem,
1027 1236 1187 1307 incertum

240 1341 378 1422 quidem
400 1352 460 1420 est,
484 1353 633 1412 attamen
655 1340 773 1407 sistere
795 1342 993 1426 suspicarer,
1075 1398 1079 1403 .

286 1505 349 1591 40,
375 1500 512 1607 Taenia
536 1499 796 1593 platyoeplrala
820 1502 865 1583 R,

284 1704 287 1709 .
325 1684 328 1690 ·
344 1636 447 1732 Quae*
466 1643 637 1728 Gryphiae
648 1660 782 1727 reperta
803 1645 839 1708 in
852 1649 1116 1735 Entozoologia
1130 1650 1182 1729 tn

236 1765 308 1831 Μ).
319 1761 369 1826 94.
382 1769 416 1809 n.
427 1749 491 1828 10.)
504 1746 665 1829 descripsi
687 1747 880 1830 specimina,
893 1752 960 1823 illis
983 1753 1101 1817 minus
1115 1776 1181 1820 ero·

235 1853 306 1915 luta
328 1851 482 1925 suerunt,
511 1872 597 1932 quae
627 1847 785 1926 Berolini
804 1853 991 1928 Decembri
1012 1856 1180 1933 mensein

236 1956 396 2035 tenuibus
418 1956 595 2020 Luscinioe
617 1949 756 2023 offendi

341 2057 478 2123 Horum
502 2054 626 2116 scilicet
649 2051 744 2114 alteri
762 2053 874 2135 capitis
897 2062 1068 2125 rostellum
1084 2080 1176 2135 exsec«

234 2173 314 2233 tum,
335 2163 465 2236 breve,
473 2161 650 2228 ob‘tusnn13
673 2161 814 2218 Articuli
826 2177 968 2240 quoque
982 2165 1174 2244 posteriores

233 2262 372 2333 aderent
395 2262 552 2340 elongati,
576 2256 921 2333 infundibuliformes

336 2363 535 2422 Burrrsnncs
559 2359 739 2439 specimen,
763 2363 854 2441 quod
879 2362 1101 2445 inspicerem,
1122 2385 1174 2437 ute·

230 2486 306 2533 cum
331 2463 599 2536 communicavit,
623 2464 803 2550 egregium,
824 2463 860 2524 in
882 2463 1055 2527 intestinis
1077 2467 1173 2530 Mota-

228 2570 323 2642 cilloe
344 2569 542 2647 stapazinoo
563 2580 751 2644 repertum,
789 2565 951 2648 exiguum
981 2568 1124 2651 quidem
1149 2578 1175 2648 et

228 2681 294 2730 tres
330 2680 459 2735 tantum
495 2665 602 2743 lineas
639 2668 800 2760 longum,
838 2668 896 2745 sed
934 2689 977 2742 eo
1001 2655 1173 2751 notabile,

226 2770 329 2851 quod:

244 2856 248 2864 ¹
310 2874 475 2945 rostellum
505 2868 742 2962 c‘yllndricum,
766 2875 940 2951 obtusum,
964 2872 1108 2960 longius
1130 2894 1173 2935 ex·

223 2987 354 3038 sertum
377 2986 478 3047 esset,
502 2992 602 3051 quam
627 2988 723 3051 antea
745 2974 832 3049 vidi,
863 2975 1028 3055 quodque
1050 2973 1172 3040 articuli

221 3075 427 3156 posteriores
439 3059 565 3156 passim
585 3074 747 3136 lenmzscis
760 3089 937 3138 uterentur
960 3081 1096 3158 crassis,
1111 3080 1171 3139 bre

162 3196 164 3201 ·
219 3177 339 3254 vibuS,
369 3178 509 3249 obtusis,
542 3172 697 3253 ejusdem
725 3177 849 3257 lateris,
893 3181 1059 3254 Ceterum
1090 3183 1170 3244 bene

218 3281 393 3343 convenit
776 3283 779 3301 ²

323 3382 422 3442 Idem
443 3374 587 3453 Amicus
609 3376 791 3459 specimina
821 3380 951 3460 dedit
902 3395 978 3459 tm
1003 3378 1169 3466 intestinis

215 3485 408 3547 Emberizae
422 3483 700 3562 melanoceplzalae
712 3484 806 3556 lecta,
816 3481 899 3543 duos
913 3484 969 3545 vel
990 3486 1081 3548 duos
1102 3505 1169 3554 curn

213 3583 354 3644 dimidio
377 3579 517 3663 pollices
531 3583 643 3664 longa,
659 3584 797 3647 rostello
819 3596 975 3666 retracto,
989 3588 1100 3660 nullis
1111 3609 1165 3660 no-

210 3680 251 3750 tis
276 3683 419 3746 diversa.

313 3780 397 3844 Alia
419 3805 558 3866 quoque
582 3784 705 3847 dedit
694 3806 732 3847 rn
763 3788 940 3853 Motacilla
960 3793 1099 3869 tricoria
1119 3811 1162 3865 rc·

202 3898 308 3976 perta,
330 3884 398 3957 huc
418 3887 544 3971 pariter
565 3887 677 3959 iacere
697 3886 781 3964 visa.
