2408 4478
580 298 963 374 ιιι-208...

241 450 413 517 Animatis
443 452 639 533 corporibus
670 452 708 514 in
739 454 938 538 corporibus
967 458 1132 531 animatis
1156 488 1194 534 tc·

239 556 425 640 periundis.
469 555 624 617 Berolini
647 555 739 625 1816.
762 568 791 628 8.
811 574 848 640 p.
869 575 923 641 59,

291 684 326 738 2.
352 662 483 732 Filaria
509 660 656 757 gracilis
681 669 727 733 R.

343 776 388 837 In
410 774 533 838 Simiae
560 774 748 856 Capucinac
765 775 1068 863 hermaphroditae
1089 788 1189 871 (pene

235 880 375 957 scilicet,
419 875 521 938 simul
548 891 658 939 autem
681 892 797 955 utero,
842 882 945 957 tubis,
989 888 1123 953 ovariis
1149 894 1188 954 in·

232 979 396 1058 structae)
419 977 601 1042 abdomine
624 977 774 1061 quinque
794 983 905 1065 reperi
927 988 1124 1067 specimina
1136 1014 1185 1075 pe·

229 1088 364 1149 ritoneo
397 1082 567 1161 involuta,
609 1081 749 1145 immota
770 1086 973 1164 (ianuario,
1017 1088 1184 1173 Berolinil

229 1209 316 1269 aqua
336 1184 449 1265 tepida
471 1185 582 1263 affusa,
604 1183 851 1249 reviviscentis.

333 1286 484 1350 Unicum
507 1286 676 1368 specimen
698 1293 899 1375 masculum,
940 1302 1008 1355 tres
1043 1314 1123 1359 cum
1143 1300 1179 1361 di·

224 1392 343 1467 midio,
367 1388 498 1470 reliqua
530 1388 677 1453 feminea
709 1408 842 1475 septem
864 1393 905 1455 ad
925 1396 1098 1461 undecim
1117 1404 1178 1485 pol-

222 1499 305 1562 lices
329 1497 442 1574 longa.
491 1492 539 1554 Os
561 1494 754 1571 rotundum,
781 1494 901 1577 Corpus
923 1496 1088 1563 omnium
1109 1522 1174 1587 pos·

223 1598 347 1663 teriore
368 1604 461 1675 parte
485 1606 710 1676 attenuatum,
753 1597 848 1679 apice
871 1596 1003 1661 caudali
1027 1600 1069 1665 in
1090 1604 1173 1669 femi·

220 1700 275 1764 nis
297 1697 456 1770 acutiore,
476 1694 621 1770 inflexo,
644 1700 747 1761 cauda
766 1700 864 1760 maris
886 1698 1059 1781 spiraliter
1081 1708 1171 1771 ‹levo-

217 1807 299 1877 luta,
330 1796 515 1867 obtusiore,
573 1786 769 1863 'Intercinum
800 1814 930 1862 rectum
965 1802 1010 1865 ad
1049 1796 1170 1891 apicem

220 1906 347 1969 caudae
378 1902 577 1973 decurrens;
612 1922 693 1965 vasa
713 1904 887 1967 seminalia
913 1901 977 1967 illo
1005 1909 1167 1991 tenuiora,

215 2008 392 2075 oviducms
413 2000 525 2084 ampli.

323 2110 408 2174 Obs,
450 2108 495 2167 In
518 2102 676 2187 Catalogo
703 2103 938 2170 Entozoomm
968 2108 1167 2181 Viennensi

212 2214 378 2294 impresso
412 2210 516 2270 Sirnic
555 2206 713 2270 Paniscus
749 2196 782 2271 et
817 2213 943 2293 Apella,
986 2211 1028 2278 ln
1060 2238 1167 2283 manu.

212 2315 336 2394 scripto
361 2312 460 2374 etiam
482 2310 614 2390 Sphinx
634 2307 843 2388 nominatur,
886 2335 1040 2394 quorum
1061 2320 1100 2383 in
1120 2324 1164 2385 ab·

212 2415 350 2480 domine
373 2408 496 2475 Filaria
518 2423 630 2472 nostra
651 2427 782 2492 reperta
804 2413 853 2475 sit.

260 2572 296 2645 5.
323 2555 456 2625 Filaria
480 2569 665 2623 attenuata
690 2557 735 2622 R.

310 2701 595 2782 Entozoologiam
618 2700 751 2762 edendo
766 2701 924 2765 Filariam
933 2704 1071 2779 hancce
1084 2731 1160 2779 non.

205 2804 273 2870 nisi
305 2803 342 2865 in
371 2800 478 2865 Corvo
517 2802 648 2862 Cornicc
680 2799 893 2879 inveneram,
936 2818 1159 2889 postmodum

204 2924 315 2971 autem
339 2908 375 2966 in
399 2906 547 2966 Falconis
571 2905 735 2984 peregrini
755 2906 839 2967 cella
859 2914 955 2972 aerea
979 2921 1158 2985 ventriculi

201 3022 360 3073 necnon
382 3006 419 3068 in
442 3005 500 3067 illa
521 3004 651 3084 hepatis
674 3005 857 3084 specimina
878 3014 995 3092 multa,
1044 3024 1157 3087 omnia

203 3110 349 3174 feminea
371 3105 594 3183 (Novembri,
637 3106 814 3188 Berolini)
836 3118 961 3195 reperi,
1007 3136 1154 3203 quorum

201 3213 433 3296 longissimum
478 3204 659 3268 duodecim
701 3225 778 3271 cutn
821 3213 963 3279 dimidio
1009 3226 1153 3305 pollicis

199 3317 373 3398 aequabat.
417 3310 491 3372 Cel.
512 3308 666 3369 Nmzscrc
688 3312 831 3375 eandem
858 3315 894 3378 in
914 3320 1083 3393 Falconis
1102 3352 1151 3415 pe.

199 3416 329 3499 tegrini
346 3414 429 3475 cella
445 3409 655 3492 pneumatica
676 3413 803 3476 laterali
826 3434 932 3482 vacua
955 3445 1082 3511 magna
1103 3456 1150 3497 cu.

198 3514 253 3601 pia
275 3509 413 3596 reperit,
455 3525 486 3574 et
521 3531 648 3574 marem
682 3530 716 3576 et
740 3517 900 3584 feminam
922 3530 986 3589 sub
1008 3534 1149 3599 nomine

203 3622 341 3681 Ts'larc'ae
367 3615 520 3676 Teudinc‘s
546 3613 655 3691 misit,
698 3620 793 3681 illum
825 3638 970 3702 quatuor
997 3648 1082 3707 cunr
1107 3634 1148 3699 di.

195 3720 301 3784 midio
325 3718 463 3798 pollices
485 3717 645 3796 longum,
669 3721 763 3800 apice
786 3728 911 3790 caudae
933 3738 1146 3817 complanato

196 3837 227 3885 et
250 3820 387 3882 inilexoss
439 3810 483 3877 In
511 3819 630 3881 eadem
658 3837 723 3884 ave
751 3825 852 3888 etiam
876 3831 1062 3910 specimina
1080 3842 1146 3923 plu·

194 3924 276 3986 rima
307 3932 552 3985 accensarent
583 3924 720 4005 reperit,
763 3940 796 3992 et
827 3931 931 3997 Kcuo
960 3935 1001 4003 iu
1022 3942 1144 4027 &mgis
