2408 4478
339 312 388 331 ·-
442 293 511 369 25¹
551 264 658 374 ⁴···.

10 449 175 514 ammissa
196 446 276 523 fuit,
308 445 367 528 qui
401 446 567 508 cathetere
590 439 755 525 applicato
800 457 962 505 vermem

10 575 172 636 gressum
195 548 401 623 observavit,
426 570 493 629 quo
518 561 713 610 commotus
737 546 855 607 oleum
877 559 963 606 tere.

11 655 173 717 inthinae
194 653 425 735 praescripsit,
467 651 562 731 cujus
592 665 708 711 autem
736 667 840 710 usum
863 650 964 708 inter·

10 778 85 818 urn
110 759 167 817 illa
183 777 253 817 non
279 754 337 815 diu
352 754 439 826 tulit.
457 755 596 816 Eodem
610 754 668 815 vel
683 751 782 814 etiam
797 750 860 812 lini
884 753 965 813 oleo

10 846 163 940 ,einceps
190 859 225 918 in
251 855 403 923 vesicam
438 856 580 936 injecto,
627 854 687 917 sed
720 856 848 933 absque
884 852 966 915 ullis

10 962 104 1023 tiam
127 959 386 1040 injectionibus,
430 959 570 1044 plurimi
599 975 733 1020 vermes
756 957 886 1019 sensim
909 954 967 1020 eli·

10 1062 122 1126 ninati
147 1075 241 1134 sunt,
266 1075 297 1122 et
326 1082 423 1144 aegra
446 1063 587 1124 Octobri
620 1072 711 1132 1811.
736 1063 874 1141 quando
904 1062 966 1124 cel.

10 1167 58 1230 rir
81 1185 197 1227 casum
226 1167 335 1226 arnico
368 1166 428 1226 cel.
451 1164 648 1233 Lawnsucrr
679 1167 967 1231 communicatum

10 1267 135 1352 publici
156 1265 240 1346 juris
263 1266 337 1330 fieri
360 1263 500 1338 curavit,
523 1267 616 1327 malo
640 1266 750 1334 adhuc
771 1267 952 1334 laboravit.

10 1409 36 1448 ,·
116 1366 221 1435 Anno
259 1366 349 1439 1816.
383 1369 444 1430 cels
474 1369 641 1435 Banurrr
669 1372 709 1429 ab
738 1389 804 1436 am.
832 1357 968 1445 Sarrae,

10 1469 243 1535 Bibliothecae
276 1469 388 1552 regiae
425 1469 659 1542 Berolinensis
698 1472 848 1542 Custode
874 1473 969 1534 meri·
1068 1477 1074 1487 “

10 1573 158 1649 tissim0‚
200 1587 273 1633 tum
295 1571 447 1633 Londini
469 1589 603 1638 versato
626 1575 820 1638 exhortatus
843 1573 971 1641 litteras

10 1675 199 1750 mandavit,
224 1673 346 1758 quibus
369 1673 552 1737 mulierem
575 1677 703 1738 eodem
722 1677 832 1740 adhuc
845 1681 971 1742 morbo
1013 1744 1015 1748 ,

10 1777 130 1839 vexari
152 1799 210 1845 me
233 1776 414 1846 certiorem
434 1776 530 1849 feeit,
564 1778 762 1859 phialasque
783 1794 850 1843 tres
872 1783 975 1845 bene·¹

10 1883 95 1942 vole
114 1879 250 1960 adjecit,
294 1901 435 1960 quarum
457 1879 550 1961 prior
573 1882 687 1956 ovula‚
732 1883 879 1953 secunda
901 1904 974 1948 ver·

10 2003 87 2047 mes
111 1984 254 2061 adultos,
279 1982 375 2046 tertia
394 1983 545 2063 juniores
569 1983 767 2051 contineret,
835 1973 836 1976 '

125 2104 156 2158 1.,
197 2087 307 2149 Ovnla
334 2106 419 2146 vero
460 2084 507 2146 sic
550 2084 636 2153 dicta
669 2085 871 2166 subglobosa
893 2107 975 2152 cum

14 2190 166 2254 arenulis
206 2208 270 2269 per
303 2186 504 2250 catheterem
538 2208 581 2249 ex
614 2186 728 2250 vesica
745 2192 975 2272 pauperculae
1069 2253 1075 2269 Ι

14 2294 148 2367 educta,
170 2310 388 2370 nequaquam
410 2289 487 2372 talia
507 2289 670 2371 habenda
697 2304 785 2362 sunt,
829 2293 997 2375 Corpus·

16 2398 96 2458 cula
117 2406 195 2454 sunt
214 2393 291 2473 plus
314 2389 430 2453 minus
453 2393 603 2472 globosa,
626 2391 756 2455 tertiam
774 2391 887 2459 lineae
905 2417 976 2478 par·
1005 2444 1007 2449 -
1043 2442 1044 2445 κ

15 2511 86 2560 tem
111 2496 276 2561 diametro
299 2491 500 2577 superantia,
522 2493 725 2570 duriuscule,
745 2496 866 2579 forcipi
888 2481 977 2565 com.

16 2596 182 2682 primenti
204 2597 392 2676 renitentia,
427 2597 568 2659 dissecta
589 2597 699 2661 solida
720 2599 803 2672 visa,
849 2602 979 2680 quomi.

16 2721 84 2764 nus
108 2721 170 2782 pro
191 2700 359 2787 hydatulis
381 2699 499 2763 haberi
525 2698 673 2780 possint,
709 2702 830 2787 -quales
866 2701 978 2783 primo

10 2802 208 2884 suspicatus
230 2822 316 2865 sum.
381 2804 631 2866 concrementa
662 2815 741 2862 sunt
777 2803 981 2883 lymphatica

17 2907 58 2969 in
81 2906 198 2970 vesica
218 2902 377 2968 morbosa
398 2927 441 2968 ex
459 2890 660 2973 humoribus
683 2903 835 2966 alineatis
848 2904 980 2968 ibidem

19 3008 168 3083 secretis,
191 3007 294 3069 simili
325 3008 441 3069 forsan
462 3007 566 3079 ruodo
591 3026 629 3079 ao
651 3008 807 3077 arenulae
828 3028 871 3069 ex
891 3009 977 3081 lotio

18 3111 248 3198 praecipitata.

129 3200 161 3279 Ξ.
186 3215 316 3282 ¹Vermes
347 3215 462 3293 magni·
491 3222 526 3276 et
556 3210 671 3280 adulti
701 3210 764 3284 cel,
784 3210 870 3278 viris,
889 3211 980 3291 dicti,

17 3319 43 3384 1.
66 3339 96 3380 c.
121 3315 280 3398 descripti
303 3328 336 3379 et
358 3319 422 3380 tab.
446 3320 476 3386 8.
498 3315 606 3396 figura
625 3311 795 3388 'inferiore
818 3316 982 3389 delineati

18 3439 276 3503 aequeparum
298 3419 340 3490 ad
362 3430 508 3493 entozoa
537 3414 723 3498 pertinent,
767 3417 827 3479 sed
849 3440 982 3494 concre-

10 3507 141 3588 menta
162 3505 298 3594 *sistunt
339 3517 545 3604 lymphatica
583 3518 731 3584 sinubus:
746 3520 803 3584 vel
826 3520 982 3595 ductibus

18 3621 183 3698 fistulolis.
204 3623 340 3695 vesicae
365 3623 536 3706 originem
564 3621 732 3696 debentia,
795 3621 873 3696 Fila
904 3641 984 3701 sunt

18 3724 220 3811 irregularia
241 3740 337 3802 torta,
361 3726 503 3816 trigona,
524 3738 714 3805 tetragona,
742 3724 870 3806 passim
891 3748 983 3805 com.

17 3851 156 3915 pressa3
176 3832 381 3913 plerumque
402 3829 484 3904 hinc
502 3849 677 3902 convexa,
698 3826 795 3899 illinc
816 3830 859 3892 ad
879 3833 984 3896 latera

19 3922 234 4010 concava‘et
254 3932 374 4009 medio,
394 3930 564 4011 bicvstata,
586 3927 797 4025 inaequalia,
828 3935 985 4009 utillum
1068 3981 1076 3997 ,
1115 3924 1118 3931 ’
