2452 4478
529 240 817 322 -49⁰···'

187 401 279 480 liqna
304 395 453 480 corporis
476 395 673 469 substarni'a3
696 398 779 462 etsi
801 402 843 474 cl,
865 400 1047 468 Fnorirren
1060 407 1139 472 talei

145 502 166 521 ⁸
188 505 283 576 vidit,
308 505 371 563 boc
394 501 596 563 accidentale
618 503 692 563 fuit.

213 679 271 749 Ι5.
297 663 431 732 Taenia
458 662 590 754 plicata
616 668 658 740 R·

293 809 471 887 Catalogus
496 809 704 870 Viennensis
729 810 814 891 typis
846 809 1032 894 impressus
1055 811 1137 877 hanc

186 927 219 977 et
239 913 404 973 Taeniarn
425 909 633 994 perloliatam
659 912 786 991 Conari
809 913 1051 993 conjunxerat,
1083 917 1138 979 sed

183 1015 346 1077 ulteriore
370 1009 527 1073 examine
557 1011 707 1074 instituto
729 1014 928 1087 Bnausanus
964 1032 1137 1099 utramque

184 1115 352 1177 diversam
377 1133 449 1175 esse
472 1113 622 1192 agnovit.

290 1220 347 1279 De
371 1213 573 1277 Taeniarmn
595 1215 718 1282 osculis
733 1216 849 1299 capitis
869 1220 907 1288 in
930 1220 1134 1285 Entozooln·

182 1320 233 1403 gia
257 1320 357 1395 (Vol.
384 1335 411 1381 t.
435 1339 467 1397 p.
492 1321 576 1395 265.)
597 1319 701 1380 fusius
728 1320 792 1402 egi,
816 1341 944 1400 meque
974 1323 1076 1386 variis
1101 1327 1138 1385 in

181 1408 322 1485 Taeniis
358 1424 487 1481 canales
521 1425 561 1480 ab
593 1421 659 1482 illis
692 1439 827 1510 exertos
862 1421 993 1489 vidisse
1022 1426 1131 1499 return

181 1512 274 1587 itlem
297 1539 328 1584 et
351 1537 467 1603 postea
493 1521 641 1604 contigit.
684 1523 766 1590 Non
780 1521 938 1587 successit
960 1511 1131 1603 tamen'ex·

180 1616 409 1710 perimentum
442 1647 554 1708 nuper
586 1624 760 1700 (lanuario
798 1626 896 1702 1329)
929 1631 1033 1693 variis
1062 1653 1130 1694 cum

181 1728 418 1812 speciminibus
446 1729 487 1788 T.
512 1728 655 1808 plicatae
684 1724 811 1806 magnii
840 1743 872 1787 et
897 1734 1128 1797 recentissimis

180 1833 263 1894 visis
287 1832 490 1901 institutum,
510 1850 653 1908 quarum
673 1850 752 1890 vasa
777 1848 842 1910 ope
864 1850 1030 1918 purorum
1054 1858 1126 1900 mer·

180 1936 275 2000 curio
296 1937 424 2021 replere
437 1930 577 1995 tentavi.
602 1933 667 2000 Sed
681 1931 748 1992 alio
763 1932 874 1990 forsan
896 1948 1053 2017 tempore
1067 1959 1125 2000 sun

180 2041 293 2111 cedet,
327 2058 403 2097 narn
434 2032 632 2095 Distomatis
667 2032 809 2113 hepatici
843 2052 922 2097 vasa
958 2039 1039 2101 alias
1069 2040 1124 2103 val·

80 2134 83 2138 i
180 2136 223 2203 de
257 2138 372 2201 bibula
402 2135 527 2221 passim
561 2151 673 2205 tamen
705 2136 915 2200 mercurium
946 2161 1022 2204 non
1055 2122 1122 2206 ieci·

177 2241 286 2325 piunt.

228 2417 265 2493 7⁶
282 2395 419 2470 Taenia
445 2394 643 2486 festivaR.
670 2420 708 2467 n.
734 2422 785 2491 sp.

281 2549 325 2609 In
349 2544 539 2605 Halmacarc'
560 2546 709 2621 gigantei
731 2545 779 2623 (in
809 2545 910 2606 Nova
939 2544 1120 2609 Hollandia

175 2649 294 2735 geniti)
323 2647 476 2708 ductibus
507 2646 665 2725 hepaticis
695 2661 729 2707 et
754 2648 910 2709 ‘vesicula
936 2650 1041 2712 fellea
1069 2650 1120 2710 tria

173 2769 305 2835 reperta
328 2764 405 2810 sunt
427 2747 619 2828 specimina,
643 2769 791 2827 quorum
814 2753 956 2816 alterum
976 2753 1120 2814 Banasa·

173 2876 233 2916 nus
261 2850 449 2915 transmisit.
535 2916 537 2921 ¹

275 2954 470 3034 Longitudo
495 2964 569 3012 octo
593 2951 634 3010 ad
658 2953 772 3014 decern
791 2952 951 3032 pellicea,
973 2954 1114 3015 latitudo

171 3060 252 3120 duas
275 3060 315 3118 ad
337 3072 401 3118 tres
421 3055 527 3118 lineas
545 3067 686 3133 aequatj
704 3054 890 3116 substantia
912 3055 1035 3131 tenuis,
1058 3057 1118 3140 pel·

169 3160 291 3223 lucida.

113 3251 116 3257 ’
276 3262 387 3341 Caput
416 3271 643 3341 tetragonum,
671 3271 864 3320 :antrorsnm
893 3262 1117 3337 incrassatum,

166 3368 282 3431 osculis
309 3380 454 3444 quatuor
480 3360 595 3422 anticis
619 3363 837 3424 subrotundis
863 3364 1118 3444 :approximatis

165 3469 286 3533 Collum
307 3467 450 3529 nullum.
494 3465 637 3525 Articuli
655 3465 838 3528 anteriores
854 3465 987 3546 angusti
1007 3489 1118 3549 rugae

161 3570 299 3646 formes,
320 3588 437 3631 ornnes
454 3564 579 3644 reliqui
599 3565 769 3628 bacillares
793 3571 940 3646 (breves,
955 3568 1116 3645 latissimi.

160 3671 409 3751 subaequales),
434 3666 634 3748 marginibus
656 3669 848 3737 lateralibus
874 3671 990 3747 acutis
1013 3686 1118 3754 poste·

158 3772 248 3835 riora
267 3771 506 3852 spectantibus,
520 3771 721 3852 plerumque
732 3771 869 3854 papillis
884 3775 1000 3839 auctis
1031 3776 1118 3839 Ova·

155 3880 208 3940 ria
234 3875 384 3937 lateralia
411 3869 582 3933 ,bacillaria
610 3893 713 3954 opaca
745 3875 837 3940 linea
865 3860 981 3943 media¹
1017 3879 1115 3943 totius
