2452 4478
269 251 327 289 ν
406 218 686 327 4561-

57 409 129 469 bus
144 416 278 488 reperta
290 399 404 466 fuisse.
426 402 692 485 Deincepsvero
707 405 746 464 ab
760 423 823 467 am·
835 405 1025 471 Burusmo

58 522 95 572 et
122 511 186 571 cel.
210 510 359 581 Bonum,
382 506 572 586 professore
596 505 770 566 Wilnensi
790 512 919 588 accepi,
942 509 1026 590 ipse.

63 633 135 691 que
160 612 255 692 Majo
293 626 410 670 mense
438 606 473 666 ir.
506 628 608 669 coeco
638 621 672 671 et
700 610 776 668 colo
808 611 953 672 Castoris
976 634 1024 675 re-

59 711 156 794 peri,
186 711 310 786 albida,
347 706 432 771 'duas
466 709 506 769 ad
538 707 601 773 tres
634 729 713 772 cum
743 709 881 773 dimidia
916 713 1023 777 lineas

60 817 176 895 longa.

84 1010 85 1013 ,
113 926 117 933 ’
174 946 301 1031 Corpus
323 969 341 1009 a
361 970 446 1030 poro
463 951 575 1012 antico
594 948 761 1013 terminali
781 951 904 1033 exiguo
929 963 962 1014 et
974 973 1023 1023 or·

61 1047 203 1111 biculari
225 1051 412 1132 posteriora
431 1070 550 1113 versus
573 1050 747 1128 increscit,
772 1057 891 1114 obtuse
914 1046 1023 1116 termi-

61 1165 189 1227 natum,
211 1173 292 1231 poro
314 1156 445 1234 postico
470 1135 562 1214 haud
586 1156 760 1228 terminali,
786 1157 845 1218 sed
871 1174 1022 1237 quartam

65 1257 178 1319 lineae
200 1269 330 1336 partem
360 1259 399 1316 ab
429 1232 521 1338 apice
544 1259 674 1320 caudali
709 1247 849 1330 distans,
883 1257 1023 1339 inferus,-

65 1361 206 1440 amplus,
230 1357 436 1440 profundus,
468 1357 544 1420 ostii
577 1355 724 1440 margine
749 1357 953 1448 acutiusculo
974 1362 1024 1424 in.

64 1474 114 1523 tus
137 1479 252 1525 verso,
296 1463 450 1521 Dorsum
473 1481 683 1534 convexum,
708 1457 833 1541 passim
860 1462 894 1522 in
919 1464 1023 1546 speci.

65 1562 210 1625 minibus
231 1560 356 1623 diutius
380 1561 519 1624 servatis
544 1562 784 1624 subcarin'atam
812 1563 938 1638 visum3
970 1569 1023 1630 ab.

65 1665 189 1729 domen
228 1667 386 1746 planum,
415 1667 509 1728 unde
543 1687 671 1729 nomen
703 1664 837 1728 triviale
861 1669 1019 1734 desumsi.
1114 1739 1119 1756 ι

68 1769 141 1830 Ova
178 1765 396 1829 flavescentia
424 1769 626 1848 praesertim
662 1770 703 1828 ad
733 1769 836 1830 latera
866 1792 1022 1834 accumu-

63 1868 126 1930 lata
146 1882 233 1929 sunt.

168 2005 244 2066 Cel..
263 2002 416 2069 Bomos
439 2008 473 2066 in
503 2003 620 2068 litteris
648 2007 799 2082 monuit,
823 2007 913 2070 haud
936 2008 1020 2075 Arn-

61 2104 228 2190 phistoma
256 2125 343 2183 esse,
377 2108 435 2169 sed
471 2109 627 2172 Distoma
650 2111 956 2192 (amphiscomoides
981 2113 1020 2177 si·

60 2207 93 2270 bi
118 2208 488 2286 dictum),*BnEusenns
509 2232 591 2274 vero
608 2211 938 2293 Amphistomatibus
955 2237 1021 2281 ser·

58 2312 210 2374 vandum
232 2312 415 2375 contendit.
461 2316 616 2395 Cumque
639 2337 742 2395 porus
765 2315 1020 2397 posticuslicet

58 2415 197 2488 inferus,
221 2413 315 2494 apice
337 2415 466 2495 postico
490 2416 667 2498 proximus
691 2419 741 2490 sit,
764 2416 854 2479 inter
873 2419 1018 2504 Amphi.

60 2529 200 2578 stomata
226 2515 400 2596 relinqu03
436 2530 514 2580 sunt
547 2515 639 2580 enim
668 2518 792 2600 pariter
820 2519 1038 2588 Distomata‘
1068 2561 1072 2568 ·

59 2617 204 2698 plurima
231 2639 376 2698 quorum
403 2640 507 2701 porus
538 2620 686 2683 anterior
711 2621 804 2683 haud
827 2625 1016 2690 terminalis

61 2723 122 2784 sed
147 2720 275 2782 inferus
298 2723 347 2796 sit,
371 2720 478 2783 nihilo
503 2732 613 2782 tamen
641 2720 755 2783 minus
777 2723 906 2786 anticus
931 2731 1019 2795 dica.

61 2835 125 2885 tur.
151 2821 266 2902 Hujus
290 2838 401 2886 tamen
423 2823 573 2886 Entozoi
596 2843 661 2905 ope
672 2822 859 2887 Distomata
882 2844 915 2891 et
930 2829 1017 2901 Am.

56 2923 258 3006 phistomata
284 2925 454 3009 conjungi,
478 2928 593 2988 nullus
617 2925 767 3008 negabit.
812 2930 941 2994 Conler
956 2933 1018 3014 Di.

57 3040 166 3089 stoma
189 3024 391 3089 microsoma
412 3049 447 3094 n.
472 3038 525 3100 80.
955 3020 957 3025 ’

165 3163 263 3248 Quae
290 3165 461 3238 Bornuus,
486 3146 539 3226 vir
571 3147 821 3241 celeberrimus
854 3165 896 3230 (le
914 3167 1016 3252 hujus'

56 3264 182 3348 speciei
202 3280 357 3328 anatome
380 3267 416 3329 in
438 3267 556 3330 litteris
580 3266 713 3343 retulit,
750 3267 864 3331 omnia
886 3271 920 3332 in
946 3290 1016 3355 spe'·

58 3366 237 3430 ciminibus
260 3368 495 3431 recentissimis
525 3373 740 3452 comprobata
770 3370 854 3438 vidi.
896 3372 934 3436 A
956 3396 1016 3456 po-

59 3491 94 3532 ro
119 3469 247 3533 seilicet
271 3471 379 3532 antico
403 3472 562 3553 utrinque
579 3493 638 3534 vas
660 3469 836 3533 nutritium
860 3463 1016 3555 decurrlu

58 3571 165 3634 media
187 3585 281 3653 parte
304 3573 478 3655 utriusque
501 3594 601 3642 sexus
625 3573 782 3657 genitalia
817 3581 1015 3658 occurrunt3

55 3691 156 3752 porus
192 3673 341 3754 posticus
377 3680 589 3742 musculosus
624 3700 760 3753 coecus.
813 3681 1014 3754 Neavorum

56 3773 198 3861 vestigia
219 3779 315 3842 nulla
337 3773 421 3851 vidi.
