2452 4478
402 263 684 349 ..h-[499-

59 425 138 486 dem
160 419 319 485 destituta
341 435 429 496 sunt,
445 419 663 484 articulorum
687 426 951 496 autemratione
966 431 1022 499 har

57 527 128 599 bita
150 526 218 586 huc
240 521 411 586 amandari
431 526 567 586 debent.
939 539 945 555 ¹

166 630 210 690 In
233 625 400 688 intestinis
419 627 557 704 Trr'ngae
570 626 743 691 Glareolae
764 647 906 712 reperta,
931 657 1020 716 quae

59 731 154 795 idem
174 727 320 792 Amicus
342 726 440 802 misit,
462 726 585 808 pariter
604 726 672 790 hue
693 731 803 795 facere
827 735 1017 804 videntur..

167 846 332 936 Alterum
353 844 526 925 specimen
559 852 673 928 capite
701 847 916 928 instructum,
954 854 1020 918 exi·

61 972 141 1036 guo,
166 951 332 1020 rotundo3
354 949 488 1031 rortello
507 950 653 1021 tenello,
691 954 780 1016 colio
807 955 879 1017 fere
907 959 1017 1033 nullo,

60 1072 116 1120 aut
140 1053 254 1136 capitis
278 1063 405 1112 tantum
423 1050 675 1131 longitudinem
696 1071 876 1132 aequante3
899 1060 1016 1119 articu-

59 1159 101 1221 lis
122 1161 276 1240 pri'mum
296 1151 515 1231 brevissimis,
534 1154 615 1214 dein
639 1154 771 1215 sensim·
787 1157 968 1236 majoribus
984 1173 1018 1224 et

19 1339 24 1350 p
59 1259 284 1344 longioribus.
328 1256 381 1316 Eo
405 1269 518 1316 tamen
547 1254 716 1334 specimen
746 1255 937 1337 privi.quid
963 1260 1017 1323 ba

59 1361 271 1445 bet,·primo,
296 1357 387 1438 quod
410 1355 539 1418 articuli
563 1355 692 1437 priores
703 1360 825 1423 breves
847 1363 1017 1431 maculam

59 1464 207 1542 mediam
228 1464 420 1535 obscuram,
440 1478 543 1538 quam
566 1457 645 1519 alias
658 1462 862 1540 posteriores
885 1478 1017 1528 tantum

59 1571 196 1638 sistunt3
233 1562 383 1626 secundo
418 1559 512 1641 quod
545 1560 673 1622 articuli
697 1560 1016 1641 insequentessub.

59 1668 283 1751 campanulati
306 1667 434 1744 (neque
456 1653 808 1742 infundibuliformes)
836 1684 916 1732 vasa
937 1668 1016 1741 late,

57 1773 142 1836 ralia
164 1773 239 1832 satis
261 1789 381 1850 magna
411 1778 444 1829 et
470 1764 635 1827 foramina
663 1765 790 1827 alterna
812 1767 939 1848 optime
954 1789 1016 1855 ¹err,

15 1862 18 1869 ¹
56 1878 190 1940 hibent.
212 1856 214 1865 ,
233 1869 385 1934 Maxime
406 1869 517 1946 itaque
541 1868 723 1943 evolutum
746 1883 807 1932 est.

153 1994 226 2058 Cel.
248 1991 401 2052 Nrrzscn
421 1985 518 2047 etiam
541 1985 726 2068 fragmenta
747 1985 849 2062 dedit,
871 1986 908 2052 in
924 1990 1014 2056 Tria.

55 2120 103 2181 ga
130 2095 284 2158 Glareolo
304 2093 397 2164 lecta,
423 2108 571 2168 quorum
583 2085 710 2148 articuli
736 2089 920 2155 anteriores
943 2095 1030 2158 bre..

56 2217 131 2274 ves,
154 2195 376 2276 insequentes
398 2194 479 2268 niox
496 2190 692 2273 longiores,
715 2189 841 2272 reliqui
859 2193 1013 2276 longissi-

55 2304 119 2375 mi,-
138 2301 264 2380 passim
282 2298 370 2358 ultra
391 2293 473 2353 duas
488 2289 597 2353 lineas
621 2290 725 2370 longi,
749 2295 878 2357 tertiam
900 2296 1012 2362 lineae

55 2416 187 2495 partem
220 2402 280 2462 vix
312 2397 371 2460 lati
408 2406 494 2456 sunt.
553 2389 701 2455 Amicus
732 2398 875 2474 quidem
903 2399 948 2462 ad
968 2401 1012 2464 Τ.

53 2501 349 2586 sphaerophoram
371 2497 499 2570 retulit,
532 2495 590 2557 sed
612 2493 679 2556 huc
699 2495 812 2578 potius
835 2501 1011 2585 referrem,

54 2606 125 2671 nisi
148 2617 247 2685 caput
269 2618 299 2664 ct
317 2604 442 2664 collum
467 2597 576 2661 aliena
598 2594 673 2658 sint.

167 2719 360 2804 specimina
385 2739 472 2798 quae
496 2720 695 2781 suesanus
722 2731 841 2780 noster
862 2718 953 2783 dedit
973 2709 1013 2787 in

56 2824 226 2890 intestinis
254 2824 445 2906 Scolopacis
477 2819 698 2903 ruborquatue
725 2832 759 2880 et
786 2821 838 2882 Sc.
868 2822 1013 2888 Calidris

55 2941 201 3009 reperta,
225 2929 338 3007 capite,
362 2925 452 2986 collo
475 2925 582 3003 brevi,
605 2937 640 2986 et
652 2919 871 2985 articulorum
890 2922 1013 2993 indole

53 3030 126 3091 huc
147 3024 269 3108 pariter
288 3026 465 3123 referenda
486 3039 575 3087 sunt.

165 3145 262 3206 Idem
281 3113 374 3208 valet
403 3144 445 3206 de
474 3139 714 3225 speciminibus
744 3139 850 3206 tribus
877 3145 919 3206 ab
942 3144 1011 3207 Eo·

56 3251 143 3316 dem
166 3246 318 3328 acceptis,
341 3267 487 3326 quorum
506 3248 689 3308 maximum
718 3244 1012 3328 quadripollicare,

55 3370 218 3436 quaeque
239 3348 274 3409 in
297 3347 458 3410 intestinis
489 3350 678 3430 Scolopocis
709 3347 933 3427 Gallinaginis
962 3345 1012 3411 in·

53 3467 162 3518 venta
181 3466 269 3530 sunt,
288 3453 407 3532 capite,
426 3451 517 3512 collo
538 3447 756 3524 brevissimo,
779 3447 924 3511 articulis
946 3445 1011 3529 pri-

55 3553 173 3618 oribus
196 3551 409 3626 brevissimis,
432 3567 506 3636 tum
530 3555 630 3616 valde
646 3552 812 3632 elongatis
837 3564 870 3614 et
885 3548 1009 3617 tenuia-

39 3656 159 3733 simis,
182 3655 318 3715 tandem
339 3653 413 3717 latis
434 3657 513 3738 plus
533 3656 647 3720 minus
661 3652 909 3737 campanulatis,
929 3672 1008 3718 con-

53 3756 242 3827 venientia.
1059 3755 1065 3768 ⁴

162 3877 306 3942 Horum
324 3875 437 3945 ultimi
455 3875 644 3944 'semisoluti
664 3891 699 3942 et
719 3872 859 3942 delabi
848 3874 1010 3961 incipien-

674 3981 717 4046 Ii
737 3993 759 4046 ί
