2452 4478
539 257 597 285 -·-
647 240 721 316 592
772 258 825 284 -ν

264 391 325 474 69.
351 393 519 466 Diotomn
544 392 730 465 trilobum
752 403 798 467 R.
825 420 863 466 n.
889 417 945 487 sp·

324 543 524 603 Brausrnos
557 556 680 608 noster.
695 543 878 625 specimina
900 551 1046 620 quatuor
1067 541 1104 602 in
1125 539 1174 602 in-

157 724 161 731 ·
217 643 347 710 testinis
368 645 520 714 Pelecani
537 644 698 729 Carbonis
719 659 849 728 reperta
867 662 1001 712 mecum
1024 663 1173 704 commu-

218 746 355 829 nicavit.
384 828 387 833 .
472 797 475 801 ,

326 866 485 932 Entozoa
506 861 629 926 lincam
665 864 837 928 dimidiam
866 867 983 946 longa,
1006 865 1175 944 depressa,

222 967 329 1040 antice
352 948 517 1028 laiissima.
542 967 648 1028 obiter
658 952 808 1047 inspecta
825 980 972 1028 truncata
995 966 1078 1037 visa,
1103 983 1174 1026 sen-

224 1069 284 1142 aim
307 1068 494 1157 'posteriora
513 1088 631 1137 versus
656 1085 688 1131 et
711 1071 752 1129 ad
778 1067 1098 1149 apicem-obtusum
1126 1084 1177 1126 us-

226 1192 293 1253 que
318 1169 494 1234 attenuatass
539 1172 621 1241 Pori
643 1171 847 1234 orbiculares
871 1167 985 1252 exigui
1008 1170 1177 1248 aequales,

226 1276 355 1343 arcticus
380 1272 583 1348 terminalis,
618 1274 777 1350 centralis
798 1295 916 1353 parum
947 1272 1089 1347 distans,
1122 1271 1179 1332 im-

226 1395 368 1453 mersus.

340 1474 463 1558 Corpus
485 1474 593 1538 antice
614 1472 772 1554 utrinque
795 1474 935 1551 eminet,
957 1490 995 1536 ut
1017 1497 1105 1557 poro
1129 1496 1181 1543 an·

231 1576 296 1648 tlco
332 1597 407 1644 cum
445 1575 494 1636 his
536 1576 725 1638 eminentiis
759 1577 950 1639 lateralibus
989 1591 1181 1659 computato

222 1697 346 1763 ¹margo
380 1679 524 1744 anterior
552 1680 693 1741 trilobus
720 1681 884 1742 videatur.
944 1682 1104 1742 Ceterum
1134 1700 1185 1741 su·

232 1780 388 1868 perficies
413 1781 549 1843 dorsalis
575 1781 854 1855 convexiuscula,
883 1783 1045 1844 ventralis
1076 1780 1183 1843 divisa

233 1881 271 1959 in
309 1882 507 1959 anteriorem
537 1905 734 1962 concavam,
775 1884 1000 1964 posteriorem
1035 1887 1183 1966 planam

234 1985 294 2058 illa
314 2005 437 2065 porum
460 1990 644 2049 ventralcm
666 1985 858 2048 immersum
880 1985 976 2066 gerit.

350 2104 420 2165 obs
452 2101 560 2171 Porus
581 2103 673 2166 lricoe
694 2102 854 2170 ventralis
878 2103 976 2165 facile
998 2103 1093 2166 visui
1116 2104 1183 2169 suh-

239 2205 381 2279 ducitur,
405 2226 472 2283 quo
489 2208 608 2272 lactum
624 2220 683 2280 ert,
697 2222 733 2269 ut
750 2204 893 2271 Amicus
909 2219 1083 2268 cntozoon
1101 2206 1183 2274 istud

241 2327 303 2388 pro
321 2309 572 2371 Monostomate
599 2312 723 2380 lrabeat,
746 2328 808 2368 nec
831 2305 895 2365 nisi
920 2308 1076 2371 examine
1100 2328 1184 2390 repe·

243 2411 302 2470 tito
334 2410 376 2471 de
407 2408 495 2470 illius
524 2412 640 2472 indole
673 2412 845 2470 convictus
882 2408 1013 2469 fuerim.
1065 2411 1185 2471 Confer

244 2510 515 2572 observationem
546 2515 584 2573 ad
614 2511 757 2591 speciem
788 2531 819 2569 n.
846 2526 895 2587 53.
945 2512 1017 2571 Cel.
1042 2513 1186 2572 Nrrzscrr

242 2613 401 2688 Distorna
421 2614 579 2688 trilobum
601 2614 712 2685 l'orsan
735 2611 1032 2681 Holostomatibus
1055 2613 1124 2675 suls
1141 2611 1186 2687 ad·

244 2715 349 2779 deret.

218 2924 222 2931 -
295 2869 355 2945 62.
384 2875 549 2945 Distoma
575 2877 793 2955 isostonrum
819 2881 864 2953 R,
889 2898 927 2945 n.
952 2897 1003 2966 sp.

350 3015 429 3086 Am.
455 3024 555 3086 Orro
581 3023 671 3103 Majo
700 3042 815 3086 mense
844 3028 983 3085 Astacus
1007 3015 1189 3104 fluviatiles

246 3124 392 3192 secando
416 3124 449 3185 in
474 3126 607 3188 alterius
631 3124 782 3184 ductibus
804 3123 942 3195 biliferis
967 3120 1126 3184 Distoma
1146 3138 1189 3178 re·

244 3227 332 3308 perit
354 3229 531 3301 rubellum,
554 3230 655 3290 valde
669 3229 806 3307 mobile,
831 3226 924 3309 quod
945 3223 1118 3295 benevole
1131 3238 1190 3281 me-

246 3349 323 3398 cum
348 3328 617 3398 communicavit.
846 3315 848 3320 ¹

355 3449 538 3508 Entoaoon
582 3445 699 3528 spiritu
741 3445 816 3514 vini
860 3440 1008 3503 albidum
1052 3442 1189 3509 factum,

246 3548 374 3623 lineam
396 3570 475 3609 curn
499 3563 611 3628 quarta
635 3550 732 3629 hujus
756 3563 847 3630 parte
869 3550 1022 3626 longum,
1044 3557 1189 3622 quartam

246 3651 369 3721 latum,
406 3654 563 3730 utrinque
585 3655 751 3726 obtusum,
782 3669 898 3712 versus
932 3645 1119 3729 posteriora
1145 3662 1191 3723 pa·

247 3770 323 3821 rum
360 3757 571 3832 decrescens,
612 3753 713 3822 dorso
757 3751 1041 3826 convexiusculo,
1083 3754 1190 3812 ventre

246 3854 360 3932 plano.
