2452 4478
559 242 846 328 ...„,..

221 425 285 473 san
318 394 432 465 autem
463 395 579 461 matris
620 393 856 463 eliminatione
884 391 982 476 proli
1010 391 1177 461 innumera

227 509 314 576 fiunt
331 502 510 570 obstacula,
525 521 609 580 quae
631 496 722 560 illius
735 499 833 577 copia
847 512 984 559 tantum
998 500 1179 565 vincantur.

336 606 367 685 ς.
390 619 420 680 3.
463 603 602 664 Eodem
623 600 725 664 etiam
746 586 841 671 loco,
869 613 1009 687 praeter
1031 600 1107 663 illas
1127 603 1179 684 pri·

231 728 308 779 mae
331 704 460 777 aetatis,
484 705 527 766 de
550 703 673 783 quibus
696 701 768 783 egi,
790 700 999 765 mutationes
1024 705 1125 765 etiam
1144 721 1182 764 se

233 811 304 876 rius
326 808 480 871 accidere
494 807 669 877 videntur3
693 826 779 885 quae
792 804 989 867 observatio
1003 807 1183 871 Bneusnro

235 926 353 976 nostro
378 909 530 973 debetur.
580 909 729 969 Taeniam
759 907 881 969 Soit'um
908 906 1051 988 saepius
1075 910 1185 987 absque

236 1009 481 1077 uncinulorum
503 1029 629 1070 corona
652 1026 829 1071 occurrere
854 1006 960 1084 vidit,
992 1002 1031 1073 et'
1060 1011 1186 1091 longam

244 1113 396 1177 Taeniom
418 1108 509 1181 canis
530 1124 688 1173 serratam
712 1109 877 1190 possidet,
903 1109 965 1173 illa
994 1111 1124 1193 pariter
1144 1112 1188 1179 de·

241 1212 398 1292 stitutarn,
420 1210 471 1272 uti
493 1210 529 1272 in
553 1213 640 1273 libro
662 1212 880 1281 novissimoc
901 1211 1031 1277 Ueber
1052 1214 1188 1278 lebende

242 1315 411 1375 Wi'trmer
432 1310 478 1373 im
504 1314 676 1383 lebenden
702 1312 892 1379 Menscitcn
915 1334 948 1394 p.
975 1330 1056 1380 101.
1078 1312 1190 1382 retulit

243 1415 313 1479 Sed
334 1415 438 1496 longe
460 1428 557 1482 antea
579 1418 871 1498 Echinorhynchos
892 1413 1017 1481 avium
1041 1415 1191 1499 aquatica·

245 1537 322 1579 rum
345 1517 572 1596 observando,
593 1514 670 1583 illos
691 1517 817 1583 sensim
833 1514 962 1584 echinis
989 1517 1192 1601 proboscidis

247 1632 281 1681 et
300 1616 449 1700 corporis
473 1616 599 1683 aculeis
621 1618 747 1705 privari
761 1617 854 1693 vidit,
866 1618 960 1699 quod
986 1620 1194 1701 pertinaciter

234 1719 384 1801 negavi,
407 1740 521 1801 neque
542 1719 740 1789 Mantissan
763 1719 896 1787 edendo
918 1718 964 1787 de
977 1722 1195 1807 Echinortyc·

251 1824 311 1885 cito
324 1819 464 1909 filicoili
485 1822 615 1899 admisi,
637 1823 697 1892 sed
717 1831 831 1905 postea
849 1819 1000 1889 Amicus
1025 1824 1197 1914 specimina

252 1943 391 1991 mecum
424 1926 690 1990 communicavit
718 1925 800 1985 Ecit.
831 1927 1118 2009 sphoerocepbalt'
1147 1922 1196 1987 sibi

256 2025 347 2100 dicti,
374 2025 409 2092 in
435 2026 702 2109 Haematopodis
730 2023 895 2106 Ostralegi
918 2039 952 2088 et
991 2027 1079 2097 Lari
1110 2025 1197 2109 cujus

258 2130 335 2191 dam
354 2125 519 2195 intestinis
542 2151 560 2192 a
582 2131 621 2197 cl.
640 2129 855 2195 anrnnrno
877 2125 913 2187 in
935 2129 1090 2197 Brasilia
1109 2147 1197 2211 repet·

258 2244 308 2304 ta,
338 2250 481 2311 quorum
517 2231 648 2308 juniora
670 2230 871 2311 proboscide
901 2251 1022 2313 neque
1053 2233 1145 2294 bulla
1163 2230 1194 2290 in·

260 2345 396 2404 structa,
432 2351 552 2413 corpus
575 2333 740 2399 anteriora
765 2350 879 2394 versus
903 2335 1080 2407 aculeata,
1108 2333 1191 2393 adulti

261 2445 377 2495 autem
399 2454 539 2519 corpore
560 2434 631 2496 sere
656 2433 747 2497 laevi
770 2449 802 2495 et
816 2433 1026 2513 proboscide
1040 2440 1078 2499 in
1094 2438 1188 2499 bullar

264 2533 390 2601 sensim
424 2535 624 2600 denudatam
660 2545 781 2593 mutata
816 2536 1062 2612 observantur,
1104 2555 1187 2616 neque

264 2636 419 2701 transitus
441 2637 513 2703 ullo
536 2636 641 2697 modo
671 2635 841 2715 negandus
870 2650 928 2704 est.
978 2637 1117 2732 Quibus
1137 2634 1185 2699 visit

266 2758 385 2800 manus
408 2738 510 2798 victas
533 2739 608 2799 dare
633 2755 744 2816 cogor,

373 2839 609 2923 Tricenophori
627 2840 674 2917 (T
676 2834 926 2920 ricuspidariae)
949 2845 1094 2908 aculeos
1108 2837 1184 2924 capio

268 2960 410 3005 numero
436 2939 581 3016 variare,
608 2943 729 3005 Entoz.
751 2942 801 3010 ΙΙ.
821 2956 853 3002 2.
877 2963 911 3022 p.
938 2946 994 3018 36,
1024 2949 1099 3009 obs,
1123 2959 1145 3023 3.
1161 2961 1185 3001 re·

269 3042 342 3106 tuli.
386 3043 481 3108 Nutu
502 3041 777 3132 Bothriocephali
803 3045 970 3115 nonnulli
999 3050 1136 3115 aculeos
1157 3045 1186 3104 dt

270 3156 407 3223 ponant,
430 3141 596 3209 incertum
619 3158 676 3215 est·
1019 3166 1027 3176 “

380 3245 407 3321 i.
430 3257 460 3327 4.
494 3248 647 3311 Monstra
669 3248 756 3313 inter
773 3247 928 3312 Entozoc
953 3249 1073 3318 minus
1095 3242 1187 3313 raravi-

276 3345 413 3426 dentnr,
442 3349 520 3416 licet
546 3349 712 3416 nonnulla
741 3347 849 3414 dubiis
878 3350 992 3422 adhuc
1020 3364 1186 3439 premantur,

275 3444 423 3529 ideoque
446 3449 547 3518 dubie
569 3464 697 3517 tantum
717 3451 925 3520 referenda..

385 3553 466 3615 Huc
497 3554 694 3640 praesertim
729 3555 968 3639 Yrtaeaopkort
1000 3549 1187 3639 (Pricuspidt

279 3645 361 3726 tiae)
384 3654 537 3722 nodulcsi
556 3654 721 3744 bicipites,
751 3653 823 3723 sive
854 3669 1005 3744 utroque
1037 3663 1105 3732 fine
1131 3662 1188 3735 αΡυῐ

280 3766 435 3829 gerentes
457 3754 637 3841 pertinent,
661 3775 746 3843 quos
769 3754 1078 3829 desideratissimus
1099 3766 1188 3827 Pru&

280 3849 370 3918 inter
390 3854 522 3925 minora
541 3858 680 3927 iliorum
701 3856 886 3947 specimina
912 3862 1096 3954 aliquoties
1120 3848 1188 3929 stri
