2408 4478
535 243 894 315 -22t-.

203 408 285 484 ercli,
328 404 433 468 Raeti
454 410 487 463 et
507 397 667 481 sylvester·
687 409 821 478 reperta
843 408 935 459 sunt.
985 397 1075 481 Ipse
1098 420 1177 462 nun.

205 519 308 593 q‘uam
331 502 469 571 offendi.

454 692 679 773 Species
712 646 921 749 duciae.

256 872 293 945 9.
317 846 637 945 Trichooephalus
662 845 847 954 Lemuris.

314 976 492 1065 specimen
513 976 701 1042 femineum
721 974 758 1039 in
781 969 946 1037 intestinis
973 972 1102 1037 crassis
1124 976 1176 1037 Le

207 1090 306 1155 muris
331 1084 476 1163 Mongoz
496 1095 667 1163 repertum
688 1078 724 1141 in
738 1079 862 1141 Museo
874 1074 1090 1139 Viennensi
1112 1073 1174 1139 vidi

207 1203 245 1255 et
269 1183 474 1256 exarninavi3
508 1203 584 1244 curn
605 1179 873 1263 Trichocephalo
909 1177 1104 1241 simiarum
1127 1200 1171 1259 pa·

207 1286 363 1356 laeformi
384 1285 501 1365 utique
526 1305 711 1368 congruere
739 1284 851 1347 visum
879 1292 946 1354 est,
998 1282 1068 1344 sed
1089 1280 1169 1344 mari-

208 1396 272 1456 bus
294 1390 450 1453 nondum
471 1383 559 1446 notis
582 1385 711 1468 species
733 1384 833 1447 dubia
852 1394 983 1445 manet.

266 1516 323 1569 to.
348 1490 664 1586 Trichocephalus
690 1493 859 1566 Castoris.
883 1483 916 1586 '1‘

318 1604 434 1689 Hujus
466 1626 605 1688 quoque
633 1606 804 1703 specimen
829 1618 958 1669 tantem
985 1594 1165 1668 femineum

210 1711 248 1778 in
269 1708 397 1774 Museo
418 1707 614 1771 Viennensi
630 1709 738 1776 datur,

267 1837 326 1892 rr.
352 1816 668 1910 Trichocephalus
695 1814 850 1888 Cameli.
873 1808 905 1909 ·1·

316 1931 363 1994 In
397 1926 555 1991 intestino
589 1926 690 1991 coe'co
731 1928 851 1992 Cameli
883 1940 918 1992 et
953 1924 1164 1995 Dromades·

212 2047 248 2102 et
290 2035 471 2097 Bactriani
517 2043 650 2112 reperta
692 2030 874 2114 specimina
913 2044 984 2093 tam
1030 2032 1165 2097 mascult

215 2156 317 2219 quam
347 2132 495 2197 feminea
525 2132 702 2216 Catalo'gus
746 2132 958 2205 Viennensis
999 2131 1164 2199 manuscri

215 2252 293 2324 ptus
317 2247 502 2303 enumerat.

422 2459 584 2531 Genus
613 2457 682 2529 IV.
736 2456 974 2554 Oxyuris.

326 2640 630 2728 Trichocephalum
645 2639 807 2725 equinum
823 2648 953 2709 Gonzn
962 2662 1172 2732 nequaquam

221 2744 265 2814 acl
283 2767 389 2832 genus
413 2749 612 2814 antecedens
634 2747 820 2828 pertinere,
863 2762 1072 2832 partemque
1098 2750 1173 2815 illius

221 2869 362 2914 crassam
397 2872 468 2912 non
508 2848 730 2933 posteriorem
768 2851 828 2913 sed
857 2851 1072 2918 anteriorem
1103 2872 1175 2935 esse,

221 2954 482 3035 conspiciendo,
526 2949 710 3033 Oxyuridis
733 2973 840 3034 genus
861 2966 896 3019 et
916 2976 1057 3021 nomen
1076 2954 1177 3041 potui,

220 3053 310 3119 illud
332 3051 470 3134 quidem
505 3053 747 3130 necessarium,
790 3056 857 3117 hoc
887 3056 1006 3119 minus
1048 3062 1177 3135 bonurn,

224 3155 307 3217 dum
340 3156 487 3218 maribus
519 3159 644 3238 ignotis
678 3156 820 3218 feminas
858 3160 946 3220 solas
969 3181 1060 3241 prae
1085 3158 1178 3226 oculis

223 3255 409 3321 habuerim.
472 3259 604 3322 Tertiae
626 3270 740 3318 autem
762 3257 886 3338 speciei
907 3262 1066 3326 maribus
1089 3265 1180 3329 caude

224 3359 378 3421 subulata
398 3360 505 3439 deest,
525 3362 708 3439 forsanque
730 3360 864 3423 feminis
882 3363 1112 3433 solummodo
1124 3366 1181 3435 tali!

225 3461 332 3521 cauda
354 3461 528 3545 competit,
573 3463 667 3542 quod
689 3482 815 3527 nomen
839 3465 1005 3547 fingendo
1030 3493 1109 3535 non
1130 3488 1183 3535 sus·

225 3558 353 3643 picatus
375 3583 459 3625 sum.
503 3564 584 3626 Hoc
618 3579 727 3626 tamen
749 3566 901 3647 plurimis
923 3588 1111 3655 receptum
1127 3592 1183 3638 mu·

226 3672 297 3726 tare
319 3664 427 3739 nolui,
448 3664 663 3746 maribusque
683 3681 856 3750 tantopere
872 3670 966 3747 raris,
990 3689 1033 3738 ut
1054 3676 1108 3740 illi
1127 3694 1182 3760 cpe

226 3760 290 3825 eiei
310 3763 436 3845 primae
458 3768 706 3848 vulgatissimae
725 3770 879 3852 nuspiam
906 3772 973 3836 visi
1005 3776 1088 3861 sint,
1107 3774 1183 3851 femi·

227 3862 283 3939 nis
304 3866 413 3935 isthoc
433 3865 471 3935 in
491 3891 621 3956 genere
639 3870 747 3959 major
767 3873 880 3944 honos
903 3876 1065 3948 debetur.
