2408 4478
550 246 746 324 '7⁰⁰
808 231 870 287 ..3

206 410 328 475 Collum
366 393 634 484 longiusculum.
705 395 878 462 Articuli
912 397 1045 462 omi

208 509 306 574 acuti.

315 611 495 692 specimen
519 607 664 668 alterurn
687 607 810 671 valde
835 604 1046 671 edntrrctunet

210 732 353 786 nusum,
389 724 427 772 ut
457 709 657 772 tenuissima
686 728 776 799 pars
806 708 1043 781 acrasszetlru

212 818 325 877 subito
350 814 546 893 excipiatur.

320 915 500 996 specimen
530 914 630 976 etiarn
659 914 765 979 adest
794 912 930 996 aliquot
947 913 1038 996 pollicet

213 1038 305 1104 gum,
327 1017 397 1078 iere
421 1032 485 1077 tres
506 1014 613 1078 lineas
635 1016 763 1091 latum,
789 1019 933 1100 reliquis
951 1014 1047 1098 uiplolt

214 1121 361 1185 articulis
389 1119 545 1182 omnibus
575 1118 763 1192 brevibus,
796 1123 909 1203 capite
933 1130 1036 1192 renutu,

214 1238 309 1306 parte
332 1218 439 1282 antica
461 1222 519 1282 tali
543 1222 647 1282 modo
672 1224 810 1292 excisa,
845 1240 886 1286 ut
906 1245 961 1309 pro
978 1220 1047 1283 Botln'

212 1325 317 1409 pitulo
339 1325 465 1386 nodoso
485 1321 624 1401 juniore
646 1323 722 1386 fere
754 1324 938 1393 haberem,
959 1325 1002 1386 sed
1018 1319 1047 1380 ul

215 1425 345 1492 articuli
368 1425 519 1487 nodulus
544 1425 602 1487 vel
625 1424 740 1487 ovarii
765 1428 946 1510 vestigium
965 1423 1048 1488 exhibffl

322 1529 362 1592 B.
388 1530 459 1592 Cel.
482 1528 657 1602 Bnoscns,
673 1528 918 1592 Veterinarius
938 1524 1048 1589 meritissit

218 1632 299 1696 olim
321 1628 543 1707 Viennensis,
564 1650 656 1691 nunc
680 1629 907 1705 Dresdensis,
941 1625 1048 1711 speciniu

215 1729 382 1797 intestinis
420 1736 554 1795 Anseris
574 1728 715 1813 saginati
740 1752 759 1792 a
783 1750 823 1794 se
846 1748 976 1815 reperta,
993 1732 1048 1791 duu

216 1838 285 1901 cies
308 1832 516 1898 constituere
539 1833 601 1895 sibi
625 1832 710 1908 visa,
737 1835 824 1896 dum
846 1836 899 1898 his
920 1833 1048 1900 edendis

216 1955 312 2024 patus
334 1955 419 2011 sum,
440 1938 613 1999 benevole
634 1934 1048 2011 mecumcommunictviil

215 2041 330 2107 varios
368 2037 736 2121 Helminthologotum
778 2043 899 2130 lapsus
938 2030 1049 2123 egregii

217 2157 327 2207 strant.

324 2245 432 2328 Caput
454 2246 649 2319 rotundum,
670 2249 843 2310 rostellum
867 2239 1049 2330 cylindricuttl

217 2373 297 2433 gum
319 2352 489 2432 pellucere
512 2348 634 2419 sinens,
659 2352 781 2412 osculis
797 2351 1049 2421 orbicularibuut

221 2458 371 2517 Taetu'am
396 2447 580 2539 fasciatum
611 2453 756 2535 Synops.
787 2475 825 2516 n.
856 2469 907 2536 48.
934 2471 982 2525 aut
999 2458 1049 2514 cml

219 2563 354 2619 Zrnsur
382 2554 499 2616 reddit.
559 2553 678 2618 Collum
707 2556 838 2635 breve,
880 2558 920 2617 ad
951 2557 1050 2617 usin

218 2674 388 2742 spectans,
424 2659 483 2718 sed
516 2659 560 2718 ob
594 2670 725 2738 partem
753 2659 909 2739 corporis
936 2654 1050 2722 tenuistis

218 2784 305 2844 quae
329 2759 489 2839 sequitur,
511 2762 610 2821 etiam
637 2761 669 2820 T.
686 2761 814 2822 laevem
839 2764 975 2845 Synops.
994 2768 1048 2828 nli

217 2865 280 2927 stit.
324 2862 465 2925 Articuli
486 2864 664 2925 anteriores
692 2862 906 2938 brevissimi,
937 2859 1050 2946 rugaelut

215 2965 338 3045 reliqui
359 2962 512 3042 majores,
535 2962 664 3044 angulis
687 2963 797 3027 acutis
823 2966 930 3042 rectis,
950 2958 1050 3027 lineisu'

215 3061 516 3150 longitudinalibus
553 3066 857 3130 translucentibus.
909 3072 957 3131 Ita
985 3059 1051 3149 spea'l‘

213 3175 362 3250 virginea
385 3180 574 3249 comparata
597 3180 684 3242 sunt,
710 3169 746 3228 T.
761 3171 1050 3252 crilimatumsnot

215 3285 266 3352 87.
287 3267 475 3351 prodentia.

318 3373 463 3436 Articuli
489 3369 632 3434 aliorum
653 3371 889 3454 speciminum
906 3372 993 3459 magis
1011 3362 1051 3430 Μ

213 3479 353 3562 angulos
374 3474 529 3550 reflexos,
552 3494 673 3555 parum
694 3491 875 3547 exstantes
896 3469 1051 3545 habenula

210 3599 414 3646 cransversos
440 3578 621 3652 maximos,
650 3578 883 3649 unilaterales
908 3598 939 3649 et
971 3573 1052 3644 ουστὶ61

155 3768 160 3775 ¹
209 3682 414 3743 succisormia
443 3678 667 3746 continentes.
693 3715 733 3730 —
789 3691 883 3752 Pars
902 3680 1052 3770 gravtuu

206 3774 275 3844 ra'ta
301 3784 486 3848 lemniscum
522 3783 565 3846 ad
601 3785 699 3848 basin
732 3791 876 3855 articuli
905 3782 1003 3879 aperiri
1016 3768 1052 3856 opi

206 3889 421 3949 demonstrat.
