2452 4478
549 158 877 289 „4984-=

211 394 270 436 sae
295 369 536 440 reddebantur,
560 363 692 444 aliquot
711 366 784 428 dies
814 363 919 427 vivae
945 382 1175 433 conservatae.

216 472 350 537 Taenia
370 466 521 550 calycina
543 467 693 546 ideoque
716 467 942 530 rescindenda
965 485 1032 541 est,
1067 458 1079 469 ’

271 645 332 720 27.
358 625 494 696 Taenia
516 598 793 719 spbaeropbora
815 604 861 698 R.

327 773 410 836 Am.
422 770 584 830 Barzaura
618 769 803 853 specimina
827 773 918 836 misit
941 773 978 836 in
1012 775 1175 839 intestinis

229 879 425 957 Scolopaeis
452 879 622 954 Arquatae
656 889 799 954 reperta,
833 897 911 937 eum
950 878 1176 960 descriptione

222 981 347 1042 Entoz.
366 977 418 1038 11.
439 990 472 1039 2.
490 994 525 1054 p·
550 991 620 1051 119.
643 997 678 1035 n.
708 977 759 1039 26.
788 978 863 1038 data
892 973 1037 1043 omnino
1062 1004 1177 1045 conve·

224 1080 363 1142 nientia.
404 1077 595 1138 Rosteilum
614 1081 774 1158 magnum
798 1081 941 1158 quidem
963 1095 1023 1154 est,
1048 1085 1109 1144 sed
1119 1076 1177 1164 'spi-

223 1185 289 1245 ritu
311 1179 384 1242 vini
405 1193 622 1258 contractum,
646 1199 715 1259 quo
739 1180 897 1260 ejusdem
907 1184 1074 1271 usculum
1094 1180 1177 1245 visui

224 1282 434 1347 subtrahitur.
456 1312 501 1330 -·
542 1284 587 1342 In
614 1280 667 1342 his
696 1283 836 1361 quidem
864 1304 932 1345 ova
951 1280 1032 1360 snon
1063 1268 1176 1366 reperi,

225 1386 262 1449 in
284 1383 524 1469 speciminibus
547 1381 630 1446 olim
653 1406 671 1446 a
693 1406 748 1448 me
771 1383 864 1446 lectis
888 1406 956 1445 ova
979 1387 1175 1446 rotun'dain-

226 1491 343 1563 venio,
365 1484 570 1550 velamentis
585 1484 770 1548 bicaudatis
792 1486 957 1560 destituta,
978 1479 1108 1567 ''quibus
1128 1487 1176 1550 illa

125 1624 129 1629 ·
229 1588 355 1672 speciei
378 1589 585 1668 insequentis
608 1603 769 1665 utuntur,
801 1590 953 1652 'ceterum
987 1586 1081 1654 vasis
1101 1609 1175 1653 rate·

228 1694 347 1754 metim
367 1689 591 1755 inhaerentia.

143 1919 146 1927 -
241 1950 244 1955 ,
281 1898 342 1970 28.
367 1884 502 1957 Taenia
527 1881 713 1958 'variabilis
737 1889 783 1955 n.
805 1884 894 1956 aas.
910 1900 943 1973 3.
965 1885 1048 1985 ng.
1075 1872 1175 1977 '3-6.

335 2032 433 2093 Haec
464 2018 541 2093 eum
575 2034 799 2114 praecedente
832 2028 976 2110 aliisque
1009 2025 1175 2116 speciebus

232 2129 316 2193 mihi
355 2136 559 2196 enumeratis
600 2133 635 2195 in
671 2135 833 2215 Catalogu
867 2124 1070 2199 Viennensi
1100 2136 1175 2220 typis

232 2233 395 2315 impresso
431 2234 662 2316 cunjungitur,
702 2237 755 2296 cui
781 2233 892 2297 tamen
929 2239 1098 2302 assentire
1130 2258 1176 2300 ne·

232 2358 340 2416 que03
358 2341 620 2418 sphaerophorae
641 2338 733 2401 enim
762 2341 940 2400 rostellum
967 2362 1130 2422 magnum
1149 2352 1176 2402 et

231 2441 360 2500 collum
378 2442 530 2519 longum,
540 2441 700 2504 variabili
714 2455 829 2502 autem
847 2442 911 2502 hoc
928 2443 1175 2520 brevissimum,

210 2540 318 2602 ¹illud
353 2543 516 2624 exiguum
549 2555 616 2616 est;
654 2546 829 2622 utriusque
868 2543 968 2605 etiam
998 2566 1069 2608 ova
1099 2546 1176 2608 diffe·

230 2655 321 2711 runt.

336 2749 517 2823 Fnouuruu
540 2763 687 2838 (Naturf.
711 2779 762 2840 29.
785 2785 817 2842 p
840 2764 890 2833 86.
913 2752 947 2827 n.
971 2779 1025 2843 50.
1047 2767 1134 2834 Tab.
1153 2754 1179 2834 i·

230 2863 304 2946 Fig.
328 2864 481 2940 23-25.)
508 2867 657 2928 Taeniam
677 2879 876 2928 stentoream
895 2864 1058 2931 describit
1079 2870 1117 2932 in
1137 2872 1178 2930 in·

232 2965 359 3028 testinis
392 2965 530 3044 Tringae
551 2969 747 3049 hypoleucae
774 2982 955 3047 repertam,
992 2991 1098 3050 quam
1119 2971 1179 3032 huc

181 3063 184 3071 ’
231 3067 407 3143 traherem,
430 3067 509 3130 licet
530 3068 585 3132 vir
608 3072 669 3134 cel.
689 3087 847 3132 armatam
877 3070 973 3136 dicat.
1018 3075 1103 3155 Ipse
1124 3075 1179 3135 sal·

231 3180 299 3229 tem
320 3163 563 3231 uncinulorum
582 3193 745 3234 coronam
767 3174 808 3233 ad
830 3176 924 3234 basin
945 3175 1081 3239 rostelli
1103 3194 1180 3238 nun·

232 3289 331 3348 quam
354 3268 441 3344 vidi,
464 3270 601 3351 'qualem
622 3276 750 3348 retulit,
773 3290 805 3336 et
838 3298 989 3340 errorem
1012 3279 1181 3359 quendam

230 3366 438 3454 subrepsisse
479 3374 642 3455 suspicor.
708 3368 857 3439 Articuli
893 3381 934 3439 cl.
968 3383 1048 3443 viro
1083 3382 1181 3465 hypo·

230 3474 471 3538 crateritormes
506 3475 586 3540 dicti
618 3477 740 3542 melius
767 3478 1110 3548 infundibuliformes
1142 3480 1181 3544 di-

231 3589 358 3642 centur.

336 3678 560 3774 Fragmenta,
585 3720 671 3779 quae
699 3700 900 3765 Bnuusanus
928 3691 1072 3768 mecum
1101 3723 1182 3769 com·

232 3787 419 3860 municavit
440 3795 477 3863 in
502 3801 625 3884 Tringa
645 3805 825 3887 hypoleuca
844 3803 959 3886 obvia,
984 3806 1097 3892 capite
1119 3810 1181 3890 qui·
