2408 4478
395 275 445 295 ...
496 242 573 332 3²9
623 246 678 294 -ᾰ

50 405 234 489 conjunxit
268 419 302 469 et
323 405 469 467 maxime
493 404 610 466 aiiines
634 420 706 466 esse
730 404 899 485 concedo,
937 425 1023 467 nun·
1059 484 1062 489 1
1143 449 1145 453 μ

48 531 157 589 quarn
179 525 290 570 tamen
312 507 452 590 Cyprini
492 504 840 585 Echinorhynchum,
871 496 1024 570 mihimet

10 627 16 636 '
50 615 181 690 absque
206 614 350 672 nomine
375 613 536 682 oblatum,
559 628 614 670 me
637 627 715 670 curn
736 608 851 690 priore
874 619 1021 671 commu·

51 728 125 775 tare
148 734 269 793 posse,
293 712 502 796 crediderim.
535 709 682 773 Habitus
698 708 913 792 enim—totus,
931 732 1022 799 prae·

54 819 173 877 sertim
197 831 310 878 autem
333 817 464 884 collum
480 809 581 882 nimis
595 810 729 883 differre
752 811 925 889 videntur,
948 832 1017 893 quo

54 918 173 980 minus
196 917 408 1002 conjungam.
430 979 432 983 ,

163 1022 197 1081 Si
219 1037 360 1098 utraque
383 1019 509 1100 species‘
529 1018 566 1078 in
589 1016 711 1079 eodem
736 1015 832 1098 pisce
857 1037 891 1079 v.
909 1038 937 1079 c.
958 1018 1022 1080 Ga·

56 1124 211 1184 cloLota
235 1141 415 1207 occurrere,
432 1117 577 1203 dicitur,
600 1118 703 1181 altera
727 1141 744 1180 a
767 1118 866 1201 piscis
890 1137 952 1187 esu
973 1140 1025 1184 re·

58 1222 157 1286 sidua
180 1236 213 1284 et
236 1224 406 1303 parasitica
442 1219 514 1285 esse
549 1232 675 1308 potest,
698 1241 812 1302 neque
838 1222 906 1286 hoc
932 1242 1026 1304 argu·

56 1337 221 1393 mentum
246 1324 530 1398 discrimen'iiiud
568 1321 665 1388 tollit.
719 1320 785 1384 Sed
809 1329 1026 1403 praeteritos

57 1426 163 1490 etiam
187 1429 267 1488 Ech.
292 1418 424 1491 oratum
448 1429 584 1489 Znoaru
605 1440 641 1488 n.
664 1433 716 1502 38.
739 1437 781 1491 et.
804 1426 888 1489 Eeb.
911 1429 1026 1509 sphac-

35 1531 162 1593 ·ricum
185 1528 267 1589 mihi
298 1529 424 1589 dictum
454 1551 488 1590 n.
511 1545 563 1606 39.
589 1524 717 1588 arnicus
740 1524 926 1610 conjungit.
968 1531 1026 1612 De

59 1632 241 1714 sphaerico
266 1633 393 1703 saitem,
417 1650 520 1710 quem
542 1630 580 1691 in
598 1629 693 1691 Cotti
709 1630 842 1704 Scorpii
863 1645 1027 1704 mesentc·

58 1733 268 1815 riosaepius
292 1732 418 1816 reperi,
447 1755 465 1794 a
487 1733 633 1812 reliquis·
656 1727 924 1796 diversissimum
951 1728 1026 1798 ess'e
1079 1737 1081 1745 ’

60 1838 185 1915 forma,
198 1818 338 1913 duritie,
351 1835 594 1916 magnitudine,
619 1835 709 1906 loco,
734 1835 941 1900 contendere
952 1856 1029 1918 pos-

62 1957 158 2011 sum3
189 1939 232 2000 de
256 1951 371 2009 ovato,
397 1938 499 2016 quern
527 1958 598 1997 non
622 1935 712 2014 vidi,
739 1955 814 1996 non
843 1928 889 1999 ita
918 1921 1028 2002 'certus

61 2061 159 2112 sum,
184 2041 240 2102 sed
265 2042 406 2100 Zanaur
423 2039 600 2119 descriptio
634 2037 808 2100 diversum
840 2058 912 2102 esse
941 2044 1027 2109 ver'o

61 2143 176 2206 simile
198 2140 318 2216 reddit,
343 2154 376 2203 et
400 2141 480 2207 Ech.
504 2142 714 2202 nodulosum
738 2142 932 2224 sa'epissime
955 2165 1029 2206 exa·

61 2245 229 2308 minando
253 2266 431 2324 nunquam
450 2244 551 2312 talem
569 2241 693 2334 reperi,
716 2252 822 2337 qu'em
843 2266 921 2316 cum
941 2245 1032 2319 Ech·¹
1103 2301 1106 2310 .

63 2360 172 2414 ovato
200 2367 456 2435 conjungerem.

117 2517 181 2597 43.
206 2505 541 2596 Echinorhynchus
561 2505 736 2582 striatas:

174 2639 374 2700 Bacusrnus
399 2638 467 2697 duo
481 2638 664 2715 specimina
686 2637 776 2699 misit
797 2633 835 2698 in
856 2633 1025 2702 intestinis

61 2739 194 2804 Ardeae
210 2745 354 2822 cinereae
374 2751 516 2817 reperta,
540 2739 683 2799 aiterum
697 2738 859 2820 quinque,
883 2741 1028 2804 aiterum

32 2846 36 2855 '
63 2861 126 2904 aex
148 2841 255 2904 lineas
277 2842 558 2922 longum,'purte
586 2839 745 2903 latissima
772 2843 902 2902 lineam
930 2863 1025 2906 exce,

64 2941 194 3006 dentia.
801 2936 809 2945 ’

177 3059 356 3128 Proboscis
381 3055 501 3132 brevis,
526 3070 629 3138 teres,
654 3056 746 3143 apice
768 3079 887 3141 parum
908 3061 1028 3125 incras-

64 3175 150 3236 sato,
175 3161 379 3222 uncinorum
400 3157 635 3223 mediocrium
663 3145 815 3239 seriebus
847 3163 1028 3232 duodecim

19 3332 24 3339 Ι
62 3266 207 3333 munita.
254 3263 375 3332 Collum
398 3261 563 3359 conicum,
588 3263 728 3329 inerme.
780 3263 939 3346 Corporis
952 3287 1028 3355 pars

63 3367 185 3439 antica,
206 3366 279 3430 levi
297 3365 448 3427 strictura
479 3387 498 3433 a
521 3366 610 3427 coilo
636 3367 804 3447 sejuncta,
827 3365 957 3449 conica,
977 3360 1028 3432 in·

63 3485 213 3547 sequens
242 3470 448 3550 subglobosa
477 3472 544 3542 est',
576 3481 720 3550 utraque
753 3481 866 3533 autem
899 3470 1027 3536 aculeis

62 3568 366 3634 brevibusdensis
396 3583 533 3644 armam
563 3569 733 3651 reliquum
757 3589 877 3651 corpus
900 3570 1027 3645 strictu.

62 3690 103 3734 ra
141 3672 352 3746 distinctum,
395 3669 504 3753 primo
536 3675 796 3758 subgiobosum,
831 3671 909 3737 dein
943 3688 1030 3740 teres

64 3787 101 3838 et
124 3779 278 3845 tenuius,
301 3775 445 3852 inerme,
468 3773 580 3841 obiter
593 3779 676 3846 vero
689 3775 942 3862 longitudinem
956 3799 1030 3851 ver·

64 3897 124 3940 sus
148 3879 315 3942 sulcatum
336 3873 551 3963 conspicitur,
762 3863 763 3868 ἵ
