2408 4478
385 293 672 370 ..219-

48 461 243 512 extremum
264 445 529 519 obtusissimum,
553 463 675 524 corpus
699 450 839 525 aequale
863 449 1016 514 crassius.

52 546 181 625 culum,
205 549 333 630 aliquot
350 548 492 629 pollices
505 548 659 629 longum,
686 549 849 618 albidum.
1092 534 1094 537 ¹

30 703 31 707 ’
103 658 169 778 Ι65.
197 691 331 761 Filaria
357 696 574 759 Erucarum.

166 829 370 920 Synonymis
395 836 431 899 in
451 833 725 917 Entozoologiac
748 837 834 902 Vol.
849 839 898 901 Π.
921 832 962 900 P.
987 853 1018 903 1.

55 965 91 1024 p.
115 959 166 1022 79.
189 963 221 1001 n.
245 953 296 1014 41.
320 938 475 1004 addatur:
506 940 666 1006 Scaurus
688 940 854 1022 Beytri'ge
875 963 936 1003 zur
953 941 1019 1007 Na·

57 1043 304 1127 turgeschichte
341 1040 674 1123 (Leipz.1776.8.)
708 1065 739 1119 p.
761 1056 813 1120 98.
840 1046 927 1110 Tab.
948 1040 1018 1106 IV.
1086 1048 1094 1066 '

58 1149 116 1228 fig.
144 1165 172 1211 1.
197 1145 346 1224 (rudis).
392 1146 541 1208 Gordius
563 1143 781 1207 insectorum.

169 1249 291 1311 Varias
316 1268 447 1322 erucas,
492 1249 689 1329 praesertim
712 1247 804 1311 illam
825 1250 1021 1331 Papilionir

59 1354 255 1432 Polycllori
288 1352 381 1414 hisce
415 1349 569 1413 entozois
597 1351 762 1410 obnoxias
788 1371 871 1415 esse.
933 1351 1021 1412 Fila·

58 1452 147 1514 riam
176 1455 376 1533 plerumque
408 1451 590 1512 solitariam
625 1452 770 1527 ofieudi,
816 1453 1023 1529 filiformem,

58 1543 306 1636 longissimam,
330 1578 374 1618 ex
393 1555 593 1621 flavescente
618 1555 742 1628 albam,
777 1552 858 1616 hinc
880 1569 1021 1631 acutam,

59 1659 159 1719 illinc
185 1661 348 1722 obtusam.
412 1659 527 1736 Prope
556 1653 676 1714 insecti
710 1656 884 1732 valvulam
907 1657 1023 1723 cauda-

61 1761 133 1822 lem
159 1780 202 1821 cx
238 1758 389 1837 ejusdem
420 1757 603 1820 abdomine
625 1778 818 1838 prorepere,
843 1781 911 1839 quo
933 1761 1021 1829 facto

62 1875 98 1923 et
119 1858 187 1923 hoc
209 1873 241 1924 et
264 1860 320 1922 illa
342 1860 440 1924 brevi
462 1841 665 1922 moriantur?
703 1854 874 1926 Sutriilrtrr.
951 1883 954 1887 ·

173 1961 305 2024 Passim
342 1962 377 2024 in
416 1962 577 2045 fructibus
614 1984 648 2025 v.
671 1983 698 2028 c.v
719 1965 831 2051 “pyris
859 1976 892 2025 et
912 1968 1023 2045 pomis

65 2061 239 2154 ejusmodi
259 2067 287 2126 F
291 2064 406 2129 ilariae
426 2065 657 2150 reperiuntur,
702 2086 844 2152 quonum
869 2065 1025 2155 indolem

65 2168 131 2228 cel.
164 2170 427 2229 Grsvrunonsr
457 2169 494 2230 in
534 2166 809 2251 ephemeridibus
842 2169 1024 2234 Vossianis

63 2269 207 2347 (Berol.
233 2276 321 2342 1818-
343 2292 377 2334 n.
399 2266 450 2335 26.¹
472 2275 634 2337 Februar.
663 2271 864 2350 XXVIII.)
895 2272 1027 2354 optime
1110 2296 1113 2304 ·

65 2373 245 2454 exposui13
269 2366 409 2435 Filarias
430 2373 593 2437 nimirum
616 2394 688 2445 esse
710 2375 910 2463 larvarum,
934 2397 1027 2460 prae·

66 2474 185 2549 sertim
209 2477 384 2558 Pyralt‘dis
409 2479 590 2554 Pomanus,
637 2491 670 2540 et
699 2473 838 2547 nonnisi
858 2477 895 2539 in
915 2477 1027 2541 fructi·
1095 2460 1098 2466 A

64 2580 134 2641 bus
157 2566 286 2639 inserto
308 2578 440 2658 punctis
464 2600 655 2643 occurrere·¹
782 2652 785 2657 ,
990 2656 1010 2660 ..

178 2679 358 2760 Ejusmodi
395 2681 553 2743 Filariam
585 2678 679 2763 pomi
712 2677 749 2741 in
772 2672 896 2742 Muieo
918 2682 1028 2746 Vien„

65 2780 173 2846 nensi
212 2781 286 2843 vidi
321 2797 353 2843 et
387 2782 600 2846 consimilem
633 2772 912 2844 cel.''anuicru
935 2785 1029 2848 dedit

67 2896 150 2946 ante
181 2886 372 2964 complures
401 2906 508 2946 annos
539 2908 557 2945 a
581 2903 617 2946 se
646 2887 682 2947 in
706 2875 1028 2966 pyro-Bergamottc

67 2986 164 3049 dicto
188 2987 323 3066 (quoad
337 2987 538 3062 meminerit,
559 2986 715 3068 integro)
732 3001 910 3068 repertam,
934 2985 1029 3066 quin·

68 3109 141 3168 que
164 3109 240 3149 cum
263 3090 405 3164 dimidio
427 3088 567 3169 pollices
589 3090 743 3170 longam,
788 3075 1028 3169 capice'tenui·

68 3211 136 3254 ore
157 3193 289 3266 obtuso,
312 3191 419 3257 cauda
430 3190 591 3259 crassiore
604 3205 709 3272 acuta,
730 3213 868 3280 corpore
883 3193 1028 3276 aequali:
1085 3219 1086 3222 ’

194 3419 198 3429 ’
248 3412 406 3489 Genus
436 3415 498 3491 II,
552 3414 914 3509 Triclzoro-ma„
995 3424 1012 3437 '⁴

109 3677 111 3679 Ι
187 3596 390 3682 Gapillnrias
411 3607 546 3665 Zrourtr
568 3617 600 3665 et
619 3604 730 3671 Musei
747 3604 941 3670 Viennensis
956 3621 1034 3665 cum

70 3701 353 3784 Trichocepltalis
375 3709 411 3773 in
434 3706 687 3786 Entozoologia
710 3702 973 3783 conjunxerant,
1003 3718 1036 3766 et

69 3803 212 3866 illarum
242 3801 519 3888 speciebus'tum
546 3810 707 3888 temporis
745 3804 861 3887 paucis
895 3805 1037 3888 cognitis

74 3905 277 3988 conjunctio
313 3911 537 3992 praeferenda
577 3909 785 3986 videbatur,
819 3907 887 3970 illis
927 3921 1038 3971 autem
