2408 4478
290 260 733 369 ⁸-227-'

32 423 134 502 vis03
155 435 250 510 parte
272 420 420 506 capillati
441 420 658 486 transversim
675 415 794 503 striati,
817 449 924 498 crassa
937 437 1005 503 obl·

33 545 90 594 ter
110 549 226 610 neque
248 539 441 590 constanter
462 541 613 602 cranam,
660 530 798 594 minime
820 550 1002 620 squamata,

32 653 108 714 quo
143 610 328 712 specimina
359 628 496 689 Goszm
537 631 648 692 oblata
684 633 784 708 (Ent
814 637 866 698 ΙΙ.
905 639 943 705 Ρ.
972 661 1002 713 ι

10 724 70 818 'p.
92 734 167 812 96)
197 733 343 813 collapsa
363 723 468 793 fuisse
492 729 637 813 colligas.
664 726 773 795 Maris
796 754 916 818 corpus
939 742 1002 838 spi

30 837 118 899 tale
169 822 320 897 Genitale
337 823 571 914 compositum.
599 828 706 914 Apex
727 833 851 900 'scilicet
874 845 1000 910 caudae

28 936 211 1002 vesiculam
233 932 331 1017 offert
350 924 531 1008 lateralem,
553 944 717 1017 magnam,
739 935 897 1017 bilob'am,
922 965 1000 1010 con·

29 1039 217 1103 timentem:
250 1027 361 1100 tubum
382 1037 451 1100 fere
475 1013 580 1119 dupio
602 1035 808 1116 breviorem,
851 1044 922 1107 basi
943 1069 999 1111 an.

25 1155 211 1228 gustatum,
234 1139 327 1222 apice
350 1145 547 1212 truncatum,
572 1152 616 1202 ex
639 1159 707 1218 quo
729 1120 997 1234 emergitefilum

26 1243 185 1318 tenuius,
228 1240 444 1326 cy'lindticam
480 1240 666 1307 vesiculam
696 1240 932 1326 longitudine
946 1271 998 1315 su.

25 1366 167 1430 perans.

140 1456 187 1526 In
218 1453 344 1527 Museo
381 1450 578 1527 Viennensi
612 1474 685 1526 no'n
722 1451 878 1546 occurrit,
919 1457 996 1552 ipse

22 1587 209 1648 nunquam
238 1562 382 1640 offendi,
427 1578 460 1627 et
488 1565 627 1628 Cosam
658 1566 838 1648 specimina
866 1582 996 1638 tantum

28 1670 104 1732 duo
128 1668 264 1745 mutila,
289 1666 378 1748 Majo
401 1685 518 1730 mense
544 1667 580 1729 in
601 1674 690 1752 Apro
719 1662 875 1750 inventa,
918 1676 996 1740 data

23 1785 120 1855 sunt,
144 1771 333 1836 Httmams
354 1791 440 1834 vero
465 1768 601 1851 copiose
623 1770 759 1853 reperit.

13 2022 19 2030 ,
79 1963 119 2043 7.
145 1916 457 2043 Trichocephalus
482 1930 641 2015 nodosus
667 1939 714 2015 R.

138 2105 255 2192 Hujus
279 2107 378 2173 etiam
400 2103 523 2188 speciei
545 2104 714 2189 specimen
733 2097 911 2169 Hmmo
935 2107 991 2174 de.

20 2216 94 2284 beo
119 2212 155 2275 in
178 2216 272 2276 Mure
293 2209 433 2273 musculo
457 2221 636 2290 repertum,
677 2208 873 2294 femineum,
914 2209 990 2276 fere
1101 2251 1104 2256 .

19 2316 210 2402 pollicare,
252 2326 348 2396 parte
369 2309 515 2393 capillari
538 2324 679 2393 corpore
700 2310 844 2376 incurvo
867 2311 989 2376 nonni.

18 2421 75 2485 hil
97 2418 269 2500 longiores

49 2532 53 2536 ’
137 2529 245 2618 dapne
266 2535 402 2596 acutum
430 2535 495 2609 est,
537 2519 676 2593 nodulis
693 2522 809 2611 v(quos
835 2524 988 2598 Gonzm's

16 2638 152 2719 refert)
178 2635 384 2712 destitutum,
428 2633 716 2714 quemadmodum
744 2634 871 2696 collum
900 2636 988 2701 vesi·

16 2746 107 2811 culis
132 2743 174 2804 cl
194 2731 269 2804 'viro
288 2726 380 2799 dictis
399 2746 496 2810 caret,
520 2747 602 2816 quas
624 2755 703 2799 casu
723 2733 804 2798 oriri
823 2735 861 2798 in
881 2736 987 2805 Ente-

15 2843 186 2928 anologia
206 2829 336 2923 saepius
357 2834 489 2902 monui·

130 2958 315 3027 Fnomcn
335 2943 643 3037 (Namrtorscher
630 2951 677 3020 st
688 2966 742 3032 29
750 2901 795 3038 Ι.Ῥ
810 2959 987 3048 360n08.)

14 3061 331 3147 Trichotephalum
359 3061 469 3121 Muris
495 3057 682 3118 'masculum
715 3057 879 3122 describit.
925 3060 986 3125 Ca·

15 3173 98 3256 pitis
122 3168 273 3232 nodulos
294 3167 367 3226 non
388 3159 489 3233 vidit,
519 3159 599 3220 colli
620 3154 984 3227 vesiculas‘unilatera.

15 3278 72 3342 les
100 3272 219 3337 refert.
266 3259 372 3349 Apex
402 3264 528 3326 caudae
555 3257 694 3325 vesicam
722 3263 843 3326 obtulit
869 3259 984 3329 latera.

13 3381 101 3451 lem,
126 3363 316 3446 rotundam,
333 3359 561 3449 majusculam,
601 3353 821 3444 pellucidam.
849 3369 893 3431 ei:
915 3387 987 3448 qua

13 3478 124 3543 tubus
154 3469 293 3556 emergit
321 3469 468 3542 striatus-,
508 3463 848 3545 infundibuliformis,
868 3455 994 3556 apice¹
1080 3456 1083 3462 ⁴

13 3575 210 3654 ¹nummus,
249 3569 342 3664 filum
364 3571 517 3638 emittens
543 3582 620 3680 cum
633 3569 791 3651 corporis
811 3589 893 3636 vase
914 3573 985 3654 (se-

14 3679 165 3758 minali)
187 3679 395 3741 continuum.

131 3787 249 3864 Musei
284 3787 492 3859 Viennensis
528 3782 711 3873 specimina
748 3783 985 3888 (paucissima)

18 3899 59 3966 in
81 3899 246 3967 intestino
269 3914 372 3963 coeco
382 3899 503 4013 Muris
522 3895 696 4004 amphibii,
739 3896 878 3978 ιιιιιιιῐίι,
898 3884 990 3964 Mun

572 3989 776 4063 aa.
