2408 4478
568 272 852 352 ...234-

231 439 438 507 emergente.
483 423 602 488 Gauda
619 421 765 512 feminae
788 443 877 493 recta
899 432 1071 498 subulata.
1102 434 1181 500 om.

231 549 298 609 que
319 528 414 593 sexui
436 530 507 593 alae
530 531 684 593 caudales
707 532 844 602 desunt,
887 552 1009 614 neque
1045 536 1180 602 feminae

230 633 369 692 caudam
392 634 537 694 mascula
558 634 749 697 tenuiorem
771 651 862 708 esse,
907 624 1090 701 Μϋιιέιο
1117 660 1181 702 con·

229 734 329 800 cedo.
377 735 480 796 Tubus
501 733 700 798 intestinalis
727 733 893 817 superiori
916 754 1016 821 parte
1039 741 1182 805 consuto

229 850 291 898 tus.
339 838 472 900 Ouaria
495 838 570 898 ovis
592 838 746 921 oblongis
768 838 870 899 foeta.

336 940 433 1026 Quae
456 938 492 1000 in
512 940 637 1003 Helena
659 940 770 1023 reperi
782 939 968 1023 specimina
979 962 1107 1026 pauca,
1125 942 1179 1007 cito

228 1039 387 1123 disrupta,
409 1055 477 1103 tam
499 1043 646 1124 Neapoli
666 1065 767 1125 quam
789 1046 1015 1125 postmodum
1038 1045 1180 1129 Borolini

224 1165 244 1203 a
267 1164 323 1205 me
345 1143 548 1218 examinata,
591 1145 657 1206 huc
686 1144 825 1225 quidem
852 1145 966 1211 facere
996 1132 1077 1210 'visa
1103 1162 1178 1213 sunt.

224 1248 290 1308 Illa
312 1268 396 1310 vero
420 1249 489 1308 duo
511 1245 624 1309 Musei
639 1244 852 1309 Viennensis
873 1252 1014 1311 mecum
1039 1268 1176 1313 commu·

223 1348 333 1409 nicata
356 1350 455 1410 dubia
478 1364 571 1423 sunt;
609 1350 752 1412 alterum
775 1363 848 1424 tres,
891 1368 953 1413 sex
977 1350 1092 1415 lineas
1114 1354 1176 1415 alte·

223 1472 298 1511 rum
333 1452 531 1526 excedebat,
576 1470 696 1533 corpus
734 1446 894 1531 utrinque
933 1452 1174 1525 acuminatum

221 1573 308 1632 apex
332 1555 476 1616 caudatis
498 1555 662 1617 incurvus
685 1567 763 1625 erat,
786 1551 1002 1621 uncilormis.

327 1658 459 1721 Eadem
482 1658 637 1719 Entozoa
659 1653 695 1719 in
717 1653 823 1717 tribus
844 1658 1026 1719 Muraenae
1052 1655 1174 1721 cassio

220 1755 326 1819 obvia
348 1758 462 1839 capitis
486 1760 656 1821 cucullum
680 1755 834 1821 distincte
862 1757 992 1823 referre
1028 1762 1172 1825 videbo

220 1872 284 1934 tur,
304 1860 485 1960 peritoneo
507 1864 710 1942 plerumque
731 1860 870 1925 firmiter
889 1859 1069 1931 involuta·

232 2050 238 2063 ,
327 1978 412 2043 Obs.
457 1978 520 2043 An
548 1979 708 2062 Phycidis
735 1993 768 2040 et
795 1978 972 2041 Gadorum
1002 1977 1171 2046 coronari

218 2082 502 2144 aMuraenarum
525 2085 677 2147 entozois
696 2079 792 2143 dictis
816 2078 970 2149 diversi?
998 2078 1003 2083 ⁸

269 2240 306 2316 7.
333 2224 557 2295 Cucullanus
583 2224 814 2295 abbreviatus
838 2229 881 2293 R.
906 2248 947 2297 n.
971 2247 1032 2318 sp.

323 2372 368 2435 In
390 2372 511 2432 Percae
538 2374 677 2433 cirrosue
701 2388 854 2450 magnae,
882 2383 935 2446 25.
961 2369 1056 2435 circa
1083 2373 1168 2436 libras

215 2474 394 2562 pendentis
427 2471 582 2535 intestino
618 2472 712 2534 tenui
740 2474 869 2540 Romae
897 2472 985 2555 Maji
1010 2475 1048 2540 d.
1070 2475 1168 2553 XXX.

214 2579 361 2663 plurima
382 2575 493 2660 reperi
519 2573 700 2654 specimina
735 2588 800 2637 tres
825 2575 866 2635 ad
888 2577 1052 2654 quinque
1074 2577 1167 2640 linear

213 2684 327 2765 longa,
350 2683 432 2756 alba,
456 2677 583 2752 teretia,
618 2675 816 2740 intestinum
838 2697 898 2741 ore
919 2675 1061 2741 fortiter
1081 2698 1167 2763 pren-

214 2784 354 2860 sitantia.

320 2886 433 2971 Caput
456 2885 631 2960 obtusum,
673 2900 793 2962 corpus
825 2877 1017 2960 posteriora
1059 2902 1165 2948 versus

210 2974 430 3063 attenuatum,
453 2992 546 3072 apice
567 2984 701 3046 caudali
719 2979 818 3044 brevi
839 2995 947 3053 acuto,
969 2981 1049 3048 fere
1071 2984 1164 3069 papii.

208 3095 282 3159 lari.
326 3093 471 3165 Cucullus
493 3088 604 3172 capitis
626 3086 828 3166 plerumque
851 3081 1042 3160 distinctus,
1066 3087 1162 3152 semel

209 3211 396 3257 contractus
421 3210 548 3275 partem
570 3186 681 3280 capitis
711 3185 857 3252 mediam
892 3184 938 3245 ita
976 3188 1162 3270 occupavit,

176 3347 179 3359 .
207 3312 245 3358 ut
266 3299 431 3359 maculam
453 3296 586 3355 rubram
607 3288 751 3351 striatam
773 3287 925 3358 referret.
969 3291 1162 3354 Intestinum

204 3398 304 3461 brevi
342 3411 417 3475 ante
453 3395 581 3476 apicem
613 3392 739 3463 caudae
772 3391 910 3472 oblique
932 3391 1162 3455 terminatum.

204 3500 313 3561 Moris
335 3499 442 3571 unici,
487 3517 589 3578 quem
613 3494 700 3567 vidi,
744 3496 905 3583 spiculum
933 3493 1067 3557 eodem
1091 3496 1159 3556 loco

202 3601 346 3680 simplex
366 3600 490 3674 visum,
530 3600 644 3666 forsan
668 3608 783 3659 tamen
806 3594 1008 3676 (analogiae
1034 3595 1159 3659 ratione

199 3702 332 3777 habita)
356 3703 492 3783 duplex,
515 3704 576 3766 aed
596 3699 840 3781 complicatum.
879 3698 1074 3761 Oviductus
1101 3716 1157 3759 am·

197 3809 275 3889 plus
298 3806 489 3892 serpentino
514 3805 617 3869 ductu
654 3803 737 3866 circa
774 3800 973 3864 intestinum
1007 3802 1155 3865 volutus.

201 3910 278 3974 Ova
300 3927 431 3990 magna.
