<?xml version="1.0" encoding="UTF-8"?>
<!DOCTYPE html PUBLIC "-//W3C//DTD XHTML 1.0 Transitional//EN"
    "http://www.w3.org/TR/xhtml1/DTD/xhtml1-transitional.dtd">
<html xmlns="http://www.w3.org/1999/xhtml" xml:lang="en" lang="en">
 <head>
  <title>
</title>
<meta http-equiv="Content-Type" content="text/html;charset=utf-8" />
  <meta name='ocr-system' content='tesseract 3.04.00' />
  <meta name='ocr-capabilities' content='ocr_page ocr_carea ocr_par ocr_line ocrx_word'/>
</head>
<body>
  <div class='ocr_page' id='page_1' title='image "./entozoorumsynop00rudogoog/entozoorumsynop00rudogoog_0319.png"; bbox 0 0 2408 4478; ppageno 0'>
   <div class='ocr_carea' id='block_1_1' title="bbox 553 244 838 359">
    <p class='ocr_par' dir='ltr' id='par_1_1' title="bbox 553 244 838 359">
     <span class='ocr_line' id='line_1_1' title="bbox 553 244 838 359; baseline 0.004 -37"><span class='ocrx_word' id='word_1_1' title='bbox 553 305 602 322; x_wconf 84' lang='lat'><em>....</em></span> <span class='ocrx_word' id='word_1_2' title='bbox 657 244 838 359; x_wconf 52' lang='lat'>310¹.-</span> 
     </span>
    </p>
   </div>
   <div class='ocr_carea' id='block_1_2' title="bbox 168 434 1180 1557">
    <p class='ocr_par' dir='ltr' id='par_1_2' title="bbox 168 434 1180 1124">
     <span class='ocr_line' id='line_1_2' title="bbox 210 434 1178 519; baseline -0.006 -14"><span class='ocrx_word' id='word_1_3' title='bbox 210 461 285 505; x_wconf 87' lang='lat' dir='ltr'>sum</span> <span class='ocrx_word' id='word_1_4' title='bbox 306 462 343 507; x_wconf 79' lang='lat' dir='ltr'>n.</span> <span class='ocrx_word' id='word_1_5' title='bbox 360 440 423 517; x_wconf 80' lang='grc'>49.)</span> <span class='ocrx_word' id='word_1_6' title='bbox 445 435 540 519; x_wconf 87' lang='lat' dir='ltr'>cujus</span> <span class='ocrx_word' id='word_1_7' title='bbox 564 434 648 498; x_wconf 92' lang='lat' dir='ltr'>cutis</span> <span class='ocrx_word' id='word_1_8' title='bbox 682 435 888 498; x_wconf 86' lang='lat' dir='ltr'>densissimo</span> <span class='ocrx_word' id='word_1_9' title='bbox 921 444 964 497; x_wconf 85' lang='lat' dir='ltr'>et</span> <span class='ocrx_word' id='word_1_10' title='bbox 987 434 1178 517; x_wconf 79' lang='lat' dir='ltr'>elegantissi-</span> 
     </span>
     <span class='ocr_line' id='line_1_3' title="bbox 170 538 1177 619; baseline -0.008 -9"><span class='ocrx_word' id='word_1_11' title='bbox 170 605 173 610; x_wconf 77' lang='grc'>,</span> <span class='ocrx_word' id='word_1_12' title='bbox 211 567 273 609; x_wconf 90' lang='lat' dir='ltr'>mo</span> <span class='ocrx_word' id='word_1_13' title='bbox 300 564 458 607; x_wconf 87' lang='lat' dir='ltr'>vasorum</span> <span class='ocrx_word' id='word_1_14' title='bbox 485 556 556 604; x_wconf 89' lang='lat' dir='ltr'>rete</span> <span class='ocrx_word' id='word_1_15' title='bbox 584 540 744 601; x_wconf 89' lang='lat' dir='ltr'>instructa</span> <span class='ocrx_word' id='word_1_16' title='bbox 783 554 849 611; x_wconf 84' lang='lat' dir='ltr'>est,</span> <span class='ocrx_word' id='word_1_17' title='bbox 887 540 998 619; x_wconf 86' lang='lat' dir='ltr'>quale</span> <span class='ocrx_word' id='word_1_18' title='bbox 1031 538 1177 602; x_wconf 83' lang='lat' dir='ltr'>hactenus</span> 
     </span>
     <span class='ocr_line' id='line_1_4' title="bbox 213 639 1178 714; baseline -0.006 -4"><span class='ocrx_word' id='word_1_19' title='bbox 213 645 344 711; x_wconf 86' lang='lat' dir='ltr'>nemini</span> <span class='ocrx_word' id='word_1_20' title='bbox 362 639 428 706; x_wconf 82' lang='lat' dir='ltr'>&#39;isto</span> <span class='ocrx_word' id='word_1_21' title='bbox 451 642 487 703; x_wconf 89' lang='lat' dir='ltr'>in</span> <span class='ocrx_word' id='word_1_22' title='bbox 510 641 630 703; x_wconf 83' lang='lat' dir='ltr'>ordine</span> <span class='ocrx_word' id='word_1_23' title='bbox 661 642 785 701; x_wconf 88' lang='lat' dir='ltr'>dictum</span> <span class='ocrx_word' id='word_1_24' title='bbox 818 640 902 714; x_wconf 88' lang='lat' dir='ltr'>fuit,</span> <span class='ocrx_word' id='word_1_25' title='bbox 939 655 984 701; x_wconf 93' lang='lat' dir='ltr'>ut</span> <span class='ocrx_word' id='word_1_26' title='bbox 1013 642 1178 705; x_wconf 81' lang='lat' dir='ltr'>lemnisco·</span> 
     </span>
     <span class='ocr_line' id='line_1_5' title="bbox 168 743 1178 828; baseline -0.006 -16"><span class='ocrx_word' id='word_1_27' title='bbox 168 810 171 817; x_wconf 90' lang='grc'>,</span> <span class='ocrx_word' id='word_1_28' title='bbox 213 769 289 812; x_wconf 87' lang='lat' dir='ltr'>rum</span> <span class='ocrx_word' id='word_1_29' title='bbox 319 769 336 809; x_wconf 90' lang='lat' dir='ltr'>a</span> <span class='ocrx_word' id='word_1_30' title='bbox 360 744 562 828; x_wconf 84' lang='lat' dir='ltr'>proboscide</span> <span class='ocrx_word' id='word_1_31' title='bbox 585 743 808 825; x_wconf 73' lang='lat' dir='ltr'>pendentium</span> <span class='ocrx_word' id='word_1_32' title='bbox 832 762 915 803; x_wconf 87' lang='lat' dir='ltr'>vasa</span> <span class='ocrx_word' id='word_1_33' title='bbox 943 749 1178 806; x_wconf 88' lang='lat' dir='ltr'>tantummodo</span> 
     </span>
     <span class='ocr_line' id='line_1_6' title="bbox 215 844 1178 931; baseline -0.001 -19"><span class='ocrx_word' id='word_1_34' title='bbox 215 849 488 931; x_wconf 63' lang='lat' dir='ltr'>cognoverimus.</span> <span class='ocrx_word' id='word_1_35' title='bbox 538 848 575 907; x_wconf 88' lang='lat' dir='ltr'>In</span> <span class='ocrx_word' id='word_1_36' title='bbox 601 849 752 908; x_wconf 76' lang='lat' dir='ltr'>sectione</span> <span class='ocrx_word' id='word_1_37' title='bbox 768 848 968 917; x_wconf 58' lang='lat' dir='ltr'>Mantissaef</span> <span class='ocrx_word' id='word_1_38' title='bbox 982 844 1178 926; x_wconf 83' lang='lat' dir='ltr'>insequente</span> 
     </span>
     <span class='ocr_line' id='line_1_7' title="bbox 214 946 1180 1030; baseline -0.005 -16"><span class='ocrx_word' id='word_1_39' title='bbox 214 948 663 1030; x_wconf 78' lang='lat' dir='ltr'>artatoruico-physiologica</span> <span class='ocrx_word' id='word_1_40' title='bbox 694 951 824 1028; x_wconf 78' lang='lat' dir='ltr'>relique</span> <span class='ocrx_word' id='word_1_41' title='bbox 850 947 921 1023; x_wconf 86' lang='lat' dir='ltr'>huc</span> <span class='ocrx_word' id='word_1_42' title='bbox 952 946 1124 1011; x_wconf 79' lang='lat' dir='ltr'>&#39;facientia</span> <span class='ocrx_word' id='word_1_43' title='bbox 1142 952 1180 1009; x_wconf 90' lang='lat' dir='ltr'>in·</span> 
     </span>
     <span class='ocr_line' id='line_1_8' title="bbox 216 1036 778 1124; baseline -0.012 -8"><span class='ocrx_word' id='word_1_44' title='bbox 216 1052 349 1124; x_wconf 71' lang='lat' dir='ltr'>venies,</span> <span class='ocrx_word' id='word_1_45' title='bbox 775 1036 778 1041; x_wconf 33' lang='lat'>⁵</span> 
     </span>
    </p>

    <p class='ocr_par' dir='ltr' id='par_1_3' title="bbox 218 1154 1178 1557">
     <span class='ocr_line' id='line_1_9' title="bbox 325 1154 1178 1251; baseline 0.002 -21"><span class='ocrx_word' id='word_1_46' title='bbox 325 1167 459 1250; x_wconf 83' lang='lat' dir='ltr'>Species</span> <span class='ocrx_word' id='word_1_47' title='bbox 473 1154 634 1248; x_wconf 77' lang='lat' dir='ltr'>plurimas</span> <span class='ocrx_word' id='word_1_48' title='bbox 658 1167 733 1229; x_wconf 88' lang='lat' dir='ltr'>satis</span> <span class='ocrx_word' id='word_1_49' title='bbox 748 1171 835 1230; x_wconf 88' lang='lat' dir='ltr'>bene</span> <span class='ocrx_word' id='word_1_50' title='bbox 853 1164 1055 1251; x_wconf 80' lang='lat' dir='ltr'>distinguo.</span> <span class='ocrx_word' id='word_1_51' title='bbox 1080 1190 1178 1249; x_wconf 86' lang='lat' dir='ltr'>neque</span> 
     </span>
     <span class='ocr_line' id='line_1_10' title="bbox 218 1271 1178 1353; baseline -0.015 -19"><span class='ocrx_word' id='word_1_52' title='bbox 218 1283 394 1353; x_wconf 76' lang='lat' dir='ltr'>tantopere</span> <span class='ocrx_word' id='word_1_53' title='bbox 421 1271 561 1339; x_wconf 87' lang='lat' dir='ltr'>variare,</span> <span class='ocrx_word' id='word_1_54' title='bbox 585 1290 623 1329; x_wconf 91' lang='lat' dir='ltr'>ac</span> <span class='ocrx_word' id='word_1_55' title='bbox 646 1272 753 1331; x_wconf 85' lang='lat' dir='ltr'>amico</span> <span class='ocrx_word' id='word_1_56' title='bbox 776 1288 987 1349; x_wconf 86' lang='lat' dir='ltr'>persuasum</span> <span class='ocrx_word' id='word_1_57' title='bbox 1013 1288 1078 1346; x_wconf 89' lang='lat' dir='ltr'>est,</span> <span class='ocrx_word' id='word_1_58' title='bbox 1097 1272 1178 1332; x_wconf 80' lang='lat' dir='ltr'>admi.</span> 
     </span>
     <span class='ocr_line' id='line_1_11' title="bbox 218 1371 1177 1453; baseline -0.001 -18"><span class='ocrx_word' id='word_1_59' title='bbox 218 1373 338 1447; x_wconf 77' lang='lat' dir='ltr'>serirn3</span> <span class='ocrx_word' id='word_1_60' title='bbox 364 1374 509 1448; x_wconf 58' lang='lat' dir='ltr'>singulas</span> <span class='ocrx_word' id='word_1_61' title='bbox 539 1384 652 1432; x_wconf 72' lang='lat' dir='ltr'>tamen·</span> <span class='ocrx_word' id='word_1_62' title='bbox 673 1371 879 1453; x_wconf 83' lang='lat' dir='ltr'>exponendo</span> <span class='ocrx_word' id='word_1_63' title='bbox 904 1372 1100 1436; x_wconf 83' lang='lat' dir='ltr'>varietates</span> <span class='ocrx_word' id='word_1_64' title='bbox 1119 1374 1177 1435; x_wconf 84' lang='lat' dir='ltr'>illas</span> 
     </span>
     <span class='ocr_line' id='line_1_12' title="bbox 218 1476 561 1557; baseline -0.009 -20"><span class='ocrx_word' id='word_1_65' title='bbox 218 1494 358 1556; x_wconf 79' lang='lat' dir='ltr'>semper</span> <span class='ocrx_word' id='word_1_66' title='bbox 375 1476 561 1557; x_wconf 80' lang='lat' dir='ltr'>respiciam.</span> 
     </span>
    </p>
   </div>
   <div class='ocr_carea' id='block_1_3' title="bbox 274 1604 980 1724">
    <p class='ocr_par' dir='ltr' id='par_1_4' title="bbox 274 1604 980 1724">
     <span class='ocr_line' id='line_1_13' title="bbox 274 1604 980 1724; baseline 0.003 -24"><span class='ocrx_word' id='word_1_67' title='bbox 274 1651 309 1716; x_wconf 73' lang='lat' dir='ltr'>t,</span> <span class='ocrx_word' id='word_1_68' title='bbox 332 1632 668 1723; x_wconf 68' lang='lat' dir='ltr'>Echinorhynchus</span> <span class='ocrx_word' id='word_1_69' title='bbox 695 1630 802 1724; x_wconf 84' lang='lat' dir='ltr'>Gigas</span> <span class='ocrx_word' id='word_1_70' title='bbox 822 1604 980 1702; x_wconf 76' lang='lat' dir='ltr'>Gom.</span> 
     </span>
    </p>
   </div>
   <div class='ocr_carea' id='block_1_4' title="bbox 221 1740 1178 2352">
    <p class='ocr_par' dir='ltr' id='par_1_5' title="bbox 221 1740 1178 2352">
     <span class='ocr_line' id='line_1_14' title="bbox 324 1740 1178 1843; baseline 0 -19"><span class='ocrx_word' id='word_1_71' title='bbox 324 1753 506 1825; x_wconf 65' lang='lat' dir='ltr'>Fnorsrtcrt</span> <span class='ocrx_word' id='word_1_72' title='bbox 529 1760 676 1839; x_wconf 81' lang='lat' dir='ltr'>(Naturl.</span> <span class='ocrx_word' id='word_1_73' title='bbox 707 1763 751 1822; x_wconf 87' lang='lat' dir='ltr'>St.</span> <span class='ocrx_word' id='word_1_74' title='bbox 786 1779 835 1838; x_wconf 79' lang='lat'>29.</span> <span class='ocrx_word' id='word_1_75' title='bbox 859 1783 894 1843; x_wconf 83' lang='lat' dir='ltr'>p.</span> <span class='ocrx_word' id='word_1_76' title='bbox 920 1740 979 1839; x_wconf 41' lang='grc' dir='ltr'>Μ’.</span> <span class='ocrx_word' id='word_1_77' title='bbox 1002 1784 1040 1825; x_wconf 93' lang='lat' dir='ltr'>n.</span> <span class='ocrx_word' id='word_1_78' title='bbox 1064 1764 1134 1841; x_wconf 83' lang='grc'><strong>41.)</strong></span> <span class='ocrx_word' id='word_1_79' title='bbox 1152 1780 1178 1824; x_wconf 85' lang='lat' dir='ltr'>se</span> 
     </span>
     <span class='ocr_line' id='line_1_15' title="bbox 221 1864 1177 1952; baseline -0.006 -23"><span class='ocrx_word' id='word_1_80' title='bbox 221 1864 406 1949; x_wconf 79' lang='lat' dir='ltr'>specimina</span> <span class='ocrx_word' id='word_1_81' title='bbox 429 1883 493 1930; x_wconf 85' lang='lat' dir='ltr'>tres</span> <span class='ocrx_word' id='word_1_82' title='bbox 517 1864 658 1947; x_wconf 75' lang='lat' dir='ltr'>pollices</span> <span class='ocrx_word' id='word_1_83' title='bbox 681 1864 722 1925; x_wconf 89' lang='lat' dir='ltr'>ad</span> <span class='ocrx_word' id='word_1_84' title='bbox 741 1865 864 1952; x_wconf 88' lang='lat' dir='ltr'>pedem</span> <span class='ocrx_word' id='word_1_85' title='bbox 879 1866 995 1946; x_wconf 77' lang='lat' dir='ltr'>longa</span> <span class='ocrx_word' id='word_1_86' title='bbox 1014 1864 1177 1947; x_wconf 80' lang='lat' dir='ltr'>reperisse,</span> 
     </span>
     <span class='ocr_line' id='line_1_16' title="bbox 221 1956 1175 2049; baseline -0.004 -20"><span class='ocrx_word' id='word_1_87' title='bbox 221 1967 323 2030; x_wconf 83' lang='lat' dir='ltr'>simul</span> <span class='ocrx_word' id='word_1_88' title='bbox 354 1985 465 2041; x_wconf 87' lang='lat' dir='ltr'>autem</span> <span class='ocrx_word' id='word_1_89' title='bbox 494 1956 690 2031; x_wconf 82' lang='lat' dir='ltr'>mactatores</span> <span class='ocrx_word' id='word_1_90' title='bbox 725 1967 1083 2049; x_wconf 79' lang='lat' dir='ltr'>relect-experientia</span> <span class='ocrx_word' id='word_1_91' title='bbox 1112 1968 1175 2029; x_wconf 88' lang='lat' dir='ltr'>didi-</span> 
     </span>
     <span class='ocr_line' id='line_1_17' title="bbox 221 2067 1173 2150; baseline -0.005 -18"><span class='ocrx_word' id='word_1_92' title='bbox 221 2067 323 2145; x_wconf 86' lang='lat' dir='ltr'>cisse,</span> <span class='ocrx_word' id='word_1_93' title='bbox 357 2089 434 2133; x_wconf 87' lang='lat' dir='ltr'>sues</span> <span class='ocrx_word' id='word_1_94' title='bbox 462 2074 561 2134; x_wconf 88' lang='lat' dir='ltr'>rebus</span> <span class='ocrx_word' id='word_1_95' title='bbox 586 2067 817 2130; x_wconf 86' lang='lat' dir='ltr'>blandioribus</span> <span class='ocrx_word' id='word_1_96' title='bbox 850 2084 1042 2132; x_wconf 80' lang='lat' dir='ltr'>vescentes</span> <span class='ocrx_word' id='word_1_97' title='bbox 1067 2086 1173 2150; x_wconf 84' lang='lat' dir='ltr'>parum,</span> 
     </span>
     <span class='ocr_line' id='line_1_18' title="bbox 221 2169 1172 2255; baseline 0.005 -24"><span class='ocrx_word' id='word_1_98' title='bbox 221 2170 400 2250; x_wconf 80' lang='lat' dir='ltr'>glandibus</span> <span class='ocrx_word' id='word_1_99' title='bbox 431 2189 542 2235; x_wconf 87' lang='lat' dir='ltr'>autem</span> <span class='ocrx_word' id='word_1_100' title='bbox 566 2173 731 2255; x_wconf 80' lang='lat' dir='ltr'>saginatos</span> <span class='ocrx_word' id='word_1_101' title='bbox 758 2169 1073 2255; x_wconf 81' lang='lat' dir='ltr'>Echiuorhynchis</span> <span class='ocrx_word' id='word_1_102' title='bbox 1094 2171 1172 2235; x_wconf 72' lang='lat' dir='ltr'>maxi</span> 
     </span>
     <span class='ocr_line' id='line_1_19' title="bbox 222 2258 956 2352; baseline 0.014 -20"><span class='ocrx_word' id='word_1_103' title='bbox 222 2289 282 2349; x_wconf 82' lang='lat' dir='ltr'>me</span> <span class='ocrx_word' id='word_1_104' title='bbox 308 2275 480 2347; x_wconf 79' lang='lat' dir='ltr'>obnoxios</span> <span class='ocrx_word' id='word_1_105' title='bbox 501 2296 587 2352; x_wconf 74' lang='lat' dir='ltr'>esse,</span> <span class='ocrx_word' id='word_1_106' title='bbox 947 2258 956 2267; x_wconf 34' lang='lat'>⁵</span> 
     </span>
    </p>
   </div>
   <div class='ocr_carea' id='block_1_5' title="bbox 259 2433 1167 2526">
    <p class='ocr_par' dir='ltr' id='par_1_6' title="bbox 259 2433 1167 2526">
     <span class='ocr_line' id='line_1_20' title="bbox 259 2433 1167 2526; baseline 0.009 -32"><span class='ocrx_word' id='word_1_107' title='bbox 259 2443 314 2513; x_wconf 66' lang='lat'>·2,</span> <span class='ocrx_word' id='word_1_108' title='bbox 338 2433 673 2523; x_wconf 84' lang='lat' dir='ltr'>Echinorhynchus</span> <span class='ocrx_word' id='word_1_109' title='bbox 701 2434 845 2526; x_wconf 88' lang='lat' dir='ltr'>Spirula</span> <span class='ocrx_word' id='word_1_110' title='bbox 872 2435 1042 2503; x_wconf 77' lang='lat' dir='ltr'>Ocrtrns.</span> <span class='ocrx_word' id='word_1_111' title='bbox 1072 2440 1115 2504; x_wconf 85' lang='lat' dir='ltr'>N.</span> <span class='ocrx_word' id='word_1_112' title='bbox 1131 2457 1167 2526; x_wconf 85' lang='lat' dir='ltr'>sp</span> 
     </span>
    </p>
   </div>
   <div class='ocr_carea' id='block_1_6' title="bbox 223 2559 1168 3992">
    <p class='ocr_par' dir='ltr' id='par_1_7' title="bbox 223 2559 1166 3167">
     <span class='ocr_line' id='line_1_21' title="bbox 328 2559 1164 2644; baseline -0.001 -22"><span class='ocrx_word' id='word_1_113' title='bbox 328 2559 411 2625; x_wconf 83' lang='lat' dir='ltr'>Am.</span> <span class='ocrx_word' id='word_1_114' title='bbox 435 2561 569 2623; x_wconf 67' lang='lat' dir='ltr'>Ornatas</span> <span class='ocrx_word' id='word_1_115' title='bbox 594 2583 726 2644; x_wconf 85' lang='lat' dir='ltr'>praeter</span> <span class='ocrx_word' id='word_1_116' title='bbox 753 2562 866 2624; x_wconf 88' lang='lat' dir='ltr'>icones</span> <span class='ocrx_word' id='word_1_117' title='bbox 893 2562 1088 2644; x_wconf 86' lang='lat' dir='ltr'>specimina</span> <span class='ocrx_word' id='word_1_118' title='bbox 1115 2562 1164 2622; x_wconf 90' lang='lat' dir='ltr'>duo</span> 
     </span>
     <span class='ocr_line' id='line_1_22' title="bbox 223 2656 1165 2729; baseline 0.004 -10"><span class='ocrx_word' id='word_1_119' title='bbox 223 2656 317 2722; x_wconf 82' lang='lat' dir='ltr'>misit</span> <span class='ocrx_word' id='word_1_120' title='bbox 337 2661 374 2723; x_wconf 92' lang='lat' dir='ltr'>in</span> <span class='ocrx_word' id='word_1_121' title='bbox 397 2666 472 2725; x_wconf 91' lang='lat' dir='ltr'>colo</span> <span class='ocrx_word' id='word_1_122' title='bbox 498 2680 530 2725; x_wconf 85' lang='lat' dir='ltr'>et</span> <span class='ocrx_word' id='word_1_123' title='bbox 553 2686 655 2728; x_wconf 91' lang='lat' dir='ltr'>coeco</span> <span class='ocrx_word' id='word_1_124' title='bbox 683 2669 806 2728; x_wconf 67' lang='lat' dir='ltr'>&amp;iuriae</span> <span class='ocrx_word' id='word_1_125' title='bbox 827 2666 996 2726; x_wconf 77' lang='lat' dir='ltr'>Roraliae</span> <span class='ocrx_word' id='word_1_126' title='bbox 1018 2688 1038 2728; x_wconf 86' lang='lat' dir='ltr'>a</span> <span class='ocrx_word' id='word_1_127' title='bbox 1060 2686 1096 2729; x_wconf 89' lang='lat' dir='ltr'>se</span> <span class='ocrx_word' id='word_1_128' title='bbox 1117 2684 1165 2726; x_wconf 85' lang='lat' dir='ltr'>vet·</span> 
     </span>
     <span class='ocr_line' id='line_1_23' title="bbox 226 2765 1164 2848; baseline 0.004 -27"><span class='ocrx_word' id='word_1_129' title='bbox 226 2780 281 2822; x_wconf 90' lang='lat' dir='ltr'>sus</span> <span class='ocrx_word' id='word_1_130' title='bbox 304 2765 406 2828; x_wconf 86' lang='lat' dir='ltr'>finem</span> <span class='ocrx_word' id='word_1_131' title='bbox 427 2768 631 2848; x_wconf 81' lang='lat' dir='ltr'>Septembris</span> <span class='ocrx_word' id='word_1_132' title='bbox 655 2769 690 2829; x_wconf 92' lang='lat' dir='ltr'>in</span> <span class='ocrx_word' id='word_1_133' title='bbox 715 2766 853 2828; x_wconf 85' lang='lat' dir='ltr'>Brasilia</span> <span class='ocrx_word' id='word_1_134' title='bbox 875 2783 1027 2847; x_wconf 88' lang='lat' dir='ltr'>reperta,</span> <span class='ocrx_word' id='word_1_135' title='bbox 1049 2770 1164 2829; x_wconf 83' lang='lat' dir='ltr'>alterum</span> 
     </span>
     <span class='ocr_line' id='line_1_24' title="bbox 227 2863 1164 2954; baseline 0.004 -30"><span class='ocrx_word' id='word_1_136' title='bbox 227 2863 361 2948; x_wconf 86' lang='lat' dir='ltr'>decem,</span> <span class='ocrx_word' id='word_1_137' title='bbox 407 2871 550 2931; x_wconf 89' lang='lat' dir='ltr'>alterum</span> <span class='ocrx_word' id='word_1_138' title='bbox 584 2873 746 2933; x_wconf 85' lang='lat' dir='ltr'>tredecim</span> <span class='ocrx_word' id='word_1_139' title='bbox 781 2869 888 2930; x_wconf 87' lang='lat' dir='ltr'>lineas</span> <span class='ocrx_word' id='word_1_140' title='bbox 920 2869 1088 2954; x_wconf 86' lang='lat' dir='ltr'>longum,</span> <span class='ocrx_word' id='word_1_141' title='bbox 1118 2870 1164 2931; x_wconf 88' lang='lat' dir='ltr'>hot</span> 
     </span>
     <span class='ocr_line' id='line_1_25' title="bbox 226 2969 1166 3057; baseline 0.007 -32"><span class='ocrx_word' id='word_1_142' title='bbox 226 2982 357 3032; x_wconf 85' lang='lat' dir='ltr'>summa</span> <span class='ocrx_word' id='word_1_143' title='bbox 390 2972 565 3034; x_wconf 88' lang='lat' dir='ltr'>latitudine</span> <span class='ocrx_word' id='word_1_144' title='bbox 589 2994 691 3033; x_wconf 87' lang='lat' dir='ltr'>unam</span> <span class='ocrx_word' id='word_1_145' title='bbox 721 2992 801 3046; x_wconf 29' lang='lat' dir='ltr'>cum·</span> <span class='ocrx_word' id='word_1_146' title='bbox 821 2969 973 3049; x_wconf 87' lang='lat' dir='ltr'>dimidia,</span> <span class='ocrx_word' id='word_1_147' title='bbox 998 2975 1096 3057; x_wconf 83' lang='lat' dir='ltr'>apice</span> <span class='ocrx_word' id='word_1_148' title='bbox 1116 2992 1166 3037; x_wconf 78' lang='lat' dir='ltr'>cau·</span> 
     </span>
     <span class='ocr_line' id='line_1_26' title="bbox 225 3056 1032 3167; baseline 0.012 -39"><span class='ocrx_word' id='word_1_149' title='bbox 225 3067 294 3129; x_wconf 80' lang='lat' dir='ltr'>dati</span> <span class='ocrx_word' id='word_1_150' title='bbox 313 3071 488 3151; x_wconf 74' lang='lat' dir='ltr'>dimidiam¹</span> <span class='ocrx_word' id='word_1_151' title='bbox 508 3076 711 3167; x_wconf 58' lang='lat' dir='ltr'>adaequans,</span> <span class='ocrx_word' id='word_1_152' title='bbox 972 3056 976 3062; x_wconf 36' lang='lat'><strong><em>¹</em></strong></span> <span class='ocrx_word' id='word_1_153' title='bbox 1027 3064 1032 3071; x_wconf 41' lang='lat'>⁵</span> 
     </span>
    </p>

    <p class='ocr_par' dir='ltr' id='par_1_8' title="bbox 225 3191 1168 3992">
     <span class='ocr_line' id='line_1_27' title="bbox 333 3191 1167 3275; baseline 0.01 -27"><span class='ocrx_word' id='word_1_154' title='bbox 333 3191 511 3261; x_wconf 86' lang='lat' dir='ltr'>Proboscis</span> <span class='ocrx_word' id='word_1_155' title='bbox 533 3195 755 3275; x_wconf 84' lang='lat' dir='ltr'>subglobosa‚</span> <span class='ocrx_word' id='word_1_156' title='bbox 778 3191 1004 3275; x_wconf 88' lang='lat' dir='ltr'>longitudine</span> <span class='ocrx_word' id='word_1_157' title='bbox 1035 3198 1096 3269; x_wconf 82' lang='lat' dir='ltr'>vix</span> <span class='ocrx_word' id='word_1_158' title='bbox 1119 3194 1167 3257; x_wconf 73' lang='lat' dir='ltr'>tas</span> 
     </span>
     <span class='ocr_line' id='line_1_28' title="bbox 227 3287 1166 3380; baseline 0.01 -32"><span class='ocrx_word' id='word_1_159' title='bbox 227 3287 381 3355; x_wconf 86' lang='lat' dir='ltr'>tudinem</span> <span class='ocrx_word' id='word_1_160' title='bbox 405 3312 602 3376; x_wconf 87' lang='lat' dir='ltr'>superante,</span> <span class='ocrx_word' id='word_1_161' title='bbox 624 3312 718 3377; x_wconf 85' lang='lat' dir='ltr'>parte</span> <span class='ocrx_word' id='word_1_162' title='bbox 741 3293 848 3356; x_wconf 85' lang='lat' dir='ltr'>antica</span> <span class='ocrx_word' id='word_1_163' title='bbox 870 3317 1064 3380; x_wconf 84' lang='lat' dir='ltr'>parumper</span> <span class='ocrx_word' id='word_1_164' title='bbox 1086 3310 1166 3367; x_wconf 81' lang='lat' dir='ltr'>aucta,</span> 
     </span>
     <span class='ocr_line' id='line_1_29' title="bbox 225 3387 1167 3484; baseline 0.011 -33"><span class='ocrx_word' id='word_1_165' title='bbox 225 3392 321 3473; x_wconf 88' lang='lat' dir='ltr'>apice</span> <span class='ocrx_word' id='word_1_166' title='bbox 344 3395 488 3475; x_wconf 70' lang='grc' dir='ltr'>ἰηῑιηιεο,ι</span> <span class='ocrx_word' id='word_1_167' title='bbox 508 3403 636 3476; x_wconf 60' lang='lat' dir='ltr'>uncinis,</span> <span class='ocrx_word' id='word_1_168' title='bbox 657 3402 747 3467; x_wconf 89' lang='lat' dir='ltr'>duris</span> <span class='ocrx_word' id='word_1_169' title='bbox 760 3398 940 3472; x_wconf 81' lang='lat' dir='ltr'>sexfariarn</span> <span class='ocrx_word' id='word_1_170' title='bbox 963 3387 1015 3461; x_wconf 77' lang='lat' dir='ltr'>in¹</span> <span class='ocrx_word' id='word_1_171' title='bbox 1028 3405 1167 3484; x_wconf 86' lang='lat' dir='ltr'>quincun·</span> 
     </span>
     <span class='ocr_line' id='line_1_30' title="bbox 226 3500 1168 3590; baseline 0.004 -31"><span class='ocrx_word' id='word_1_172' title='bbox 226 3511 301 3559; x_wconf 71' lang='lat' dir='ltr'>cem</span> <span class='ocrx_word' id='word_1_173' title='bbox 323 3500 452 3590; x_wconf 63' lang='lat' dir='ltr'>positis,</span> <span class='ocrx_word' id='word_1_174' title='bbox 494 3501 616 3577; x_wconf 79' lang='lat' dir='ltr'>Collum</span> <span class='ocrx_word' id='word_1_175' title='bbox 645 3501 903 3578; x_wconf 78' lang='lat' dir='ltr'>brevissimum,</span> <span class='ocrx_word' id='word_1_176' title='bbox 932 3502 1010 3566; x_wconf 88' lang='lat' dir='ltr'>fere</span> <span class='ocrx_word' id='word_1_177' title='bbox 1044 3505 1168 3575; x_wconf 75' lang='lat' dir='ltr'>nullutn</span> 
     </span>
     <span class='ocr_line' id='line_1_31' title="bbox 229 3591 1168 3687; baseline 0 -26"><span class='ocrx_word' id='word_1_178' title='bbox 229 3591 353 3676; x_wconf 78' lang='lat' dir='ltr'>Corpus</span> <span class='ocrx_word' id='word_1_179' title='bbox 375 3615 479 3678; x_wconf 89' lang='lat' dir='ltr'>tenue</span> <span class='ocrx_word' id='word_1_180' title='bbox 501 3603 636 3687; x_wconf 89' lang='lat' dir='ltr'>incipit,</span> <span class='ocrx_word' id='word_1_181' title='bbox 660 3607 835 3668; x_wconf 84' lang='lat' dir='ltr'>celerrime</span> <span class='ocrx_word' id='word_1_182' title='bbox 855 3603 891 3664; x_wconf 92' lang='lat' dir='ltr'>in</span> <span class='ocrx_word' id='word_1_183' title='bbox 915 3624 1089 3668; x_wconf 85' lang='lat' dir='ltr'>summam</span> <span class='ocrx_word' id='word_1_184' title='bbox 1108 3619 1168 3667; x_wconf 84' lang='lat' dir='ltr'>cras</span> 
     </span>
     <span class='ocr_line' id='line_1_32' title="bbox 227 3690 1168 3791; baseline 0.015 -40"><span class='ocrx_word' id='word_1_185' title='bbox 227 3690 340 3758; x_wconf 87' lang='lat' dir='ltr'>sitiem</span> <span class='ocrx_word' id='word_1_186' title='bbox 369 3721 524 3785; x_wconf 83' lang='lat' dir='ltr'>augetur,</span> <span class='ocrx_word' id='word_1_187' title='bbox 553 3709 681 3785; x_wconf 86' lang='lat' dir='ltr'>sensim</span> <span class='ocrx_word' id='word_1_188' title='bbox 709 3706 897 3791; x_wconf 89' lang='lat' dir='ltr'>posteriora</span> <span class='ocrx_word' id='word_1_189' title='bbox 924 3727 1053 3780; x_wconf 84' lang='lat' dir='ltr'>versus</span> <span class='ocrx_word' id='word_1_190' title='bbox 1081 3710 1168 3783; x_wconf 84' lang='lat' dir='ltr'>decre·</span> 
     </span>
     <span class='ocr_line' id='line_1_33' title="bbox 227 3806 1168 3889; baseline -0.006 -16"><span class='ocrx_word' id='word_1_191' title='bbox 227 3808 335 3873; x_wconf 61' lang='lat' dir='ltr'>scens,</span> <span class='ocrx_word' id='word_1_192' title='bbox 357 3806 450 3884; x_wconf 74' lang='lat' dir='ltr'>apice</span> <span class='ocrx_word' id='word_1_193' title='bbox 467 3810 598 3889; x_wconf 89' lang='lat' dir='ltr'>postico</span> <span class='ocrx_word' id='word_1_194' title='bbox 619 3812 759 3887; x_wconf 89' lang='lat' dir='ltr'>obtuso;</span> <span class='ocrx_word' id='word_1_195' title='bbox 779 3825 931 3874; x_wconf 85' lang='lat' dir='ltr'>ceterum</span> <span class='ocrx_word' id='word_1_196' title='bbox 954 3810 1074 3886; x_wconf 80' lang='lat' dir='ltr'>obiter·</span> <span class='ocrx_word' id='word_1_197' title='bbox 1092 3824 1168 3872; x_wconf 83' lang='lat' dir='ltr'>trans</span> 
     </span>
     <span class='ocr_line' id='line_1_34' title="bbox 226 3898 1165 3992; baseline 0.013 -32"><span class='ocrx_word' id='word_1_198' title='bbox 226 3898 354 3971; x_wconf 76' lang='lat' dir='ltr'>versim</span> <span class='ocrx_word' id='word_1_199' title='bbox 375 3904 529 3988; x_wconf 88' lang='lat' dir='ltr'>incisum,</span> <span class='ocrx_word' id='word_1_200' title='bbox 552 3910 748 3992; x_wconf 87' lang='lat' dir='ltr'>incurvum,</span> <span class='ocrx_word' id='word_1_201' title='bbox 772 3913 869 3989; x_wconf 87' lang='lat' dir='ltr'>unde</span> <span class='ocrx_word' id='word_1_202' title='bbox 891 3914 958 3982; x_wconf 76' lang='lat' dir='ltr'>cel.</span> <span class='ocrx_word' id='word_1_203' title='bbox 981 3916 1040 3978; x_wconf 89' lang='lat' dir='ltr'>vir</span> <span class='ocrx_word' id='word_1_204' title='bbox 1060 3927 1165 3976; x_wconf 81' lang='lat' dir='ltr'>nomen</span> 
     </span>
    </p>
   </div>
   <div class='ocr_carea' id='block_1_7' title="bbox 0 0 1224 4478">
    <p class='ocr_par' dir='ltr' id='par_1_9' title="bbox 0 0 1224 4478">
     <span class='ocr_line' id='line_1_35' title="bbox 0 0 1224 4478; baseline 0 0"><span class='ocrx_word' id='word_1_205' title='bbox 0 0 1224 4478; x_wconf 95' lang='lat' dir='ltr'> </span> 
     </span>
    </p>
   </div>
  </div>
 </body>
</html>
