2408 4478
544 222 842 313 -3526-

208 390 378 477 longiores
400 390 528 467 forent,
550 386 781 472 campanulati
815 391 991 467 dicendi;
1032 391 1101 459 dein
1115 394 1149 457 alii

206 491 413 576 marginibus
446 492 637 555 lateralibus
664 493 861 571 concavis,
898 493 1038 579 angulis
1057 497 1152 581 postici

208 616 341 677 semper
371 594 489 665 acutis;
527 594 664 657 tandem
691 582 868 659 latissimi
897 597 1151 679 (speciministts

208 694 461 783 quipollicaris,
502 695 609 777 capite
642 695 836 779 destituti)
888 700 1151 783 subcampanulao',

207 800 414 882 marginibus
437 814 547 859 tamen
558 797 751 861 lateralibus
764 803 900 879 variis,
921 822 1009 863 mox
1019 808 1149 879 consuis,

208 926 290 965 rnox
309 898 531 979 rectiusculis,
565 921 646 960 mox
668 905 861 978 concavis3
902 904 1041 989 angulis
1056 906 1149 991 postici

210 1005 324 1070 acutis.

300 1144 344 1205 In
365 1135 476 1201 media
498 1138 714 1198 articulorum
729 1138 922 1219 majorum
947 1154 1042 1225 parte
1060 1142 1146 1204 macula
1203 1186 1204 1208 r

208 1266 312 1331 opaca
340 1240 565 1313 subrutunda,
595 1245 742 1302 avariam
777 1242 971 1307 indicans.
1022 1246 1146 1327 Margine
1191 1275 1201 1313 r

206 1350 308 1413 unius
329 1342 446 1409 lateris
454 1360 553 1422 saepe
574 1336 724 1427 foramen
735 1344 976 1410 tumidulum
992 1364 1144 1421 monstntt.
1188 1376 1203 1415 t·

206 1474 249 1517 ex
272 1472 340 1533 quo
368 1443 494 1530 passim
514 1442 611 1505 filum
632 1458 746 1521 tenue,
764 1444 973 1512 flaccidum
995 1451 1089 1515 simul
1103 1470 1145 1535 pta
1186 1464 1198 1518 ti

205 1555 341 1641 pendet.
645 1598 652 1609 ·
1186 1581 1204 1622 u

229 1704 233 1711 ·
320 1686 403 1751 obs.
425 1678 555 1747 Taenia
577 1680 725 1763 obtusata
746 1670 1042 1769 vespertilionis
1060 1684 1143 1753 muritt'
1184 1684 1204 1723 ¹¹*

205 1794 241 1856 nz
262 1806 314 1871 59.
336 1788 423 1850 dicta
443 1788 483 1847 ab
505 1784 566 1847 ista
597 1784 784 1865 valdopere
823 1788 970 1868 differt,
1004 1793 1142 1873 forsanqtt
1184 1784 1201 1826 ¹¹

203 1894 336 1959 Taenia
355 1884 620 1972 Vespertilionis
659 1887 755 1949 auriti
786 1910 824 1955 n.
856 1906 921 1975 94.
945 1896 1039 1959 inter
1065 1891 1141 1957 dubia
1183 1886 1201 1930 ¹²

204 2009 398 2061 enumerata
433 1990 473 2053 ad
508 1990 699 2053 alterutram
725 1993 905 2074 pertinet,
941 1996 1013 2059 nisi
1035 1998 1140 2079 Vespa·
1184 1990 1193 2030 ¹

206 2098 403 2174 titionibus,
461 2092 512 2154 uti
554 2091 705 2174 plurimis
740 2101 1015 2175 mammalibus,
1052 2098 1138 2161 Tarni
1183 2070 1204 2132 ¹¹

205 2218 271 2263 tam
294 2195 446 2271 inermis,
470 2214 573 2275 quatu
594 2208 719 2259 armata
740 2213 808 2277 est,
833 2204 942 2281 quod
968 2217 1094 2285 tempus
1108 2202 1137 2261 lo
1184 2195 1203 2240 ¹¹

204 2302 302 2367 cebit.
1184 2380 1201 2423 a

174 2558 177 2565 Ι
253 2473 316 2545 84.
343 2457 478 2529 Taenia
502 2456 736 2529 multistriata
760 2462 810 2530 tt.
1183 2486 1200 2528 n

307 2607 506 2668 Bnnsrsnnus
527 2602 708 2683 specimina
729 2606 911 2667 nonnulla
934 2602 1046 2686 misit,
1066 2600 1133 2668 init
1181 2588 1204 2647 Ρ·

201 2706 328 2775 testinis
347 2706 498 2789 Oolymbi
519 2709 638 2767 irritanti
658 2718 800 2788 reperta,
825 2727 922 2786 quae
947 2729 1032 2771 cum
1051 2702 1132 2772 deseri·

200 2812 317 2895 ptione
338 2830 414 2872 mea
435 2809 570 2873 Earn.
583 2824 615 2871 Ω.
636 2830 670 2889 p.
689 2820 758 2885 183.
779 2808 888 2887 n.67.
903 2812 1024 2873 oblata
1043 2824 1132 2875 extttt
1202 2808 1204 2831 ⁴

199 2912 423 2976 conveniunt.

226 3026 232 3037 ’
302 3032 508 3095 Nrazscnnrs
532 3029 601 3090 duo
626 3022 811 3109 specimina
831 3027 1028 3093 mandavit
1047 3028 1130 3093 erden

197 3132 235 3195 in
253 3154 317 3196 ave
340 3133 500 3215 Augusto
524 3148 639 3191 mense
662 3140 808 3209 reperta,
847 3132 964 3195 valde
987 3144 1130 3199 contracta

198 3256 240 3296 an
261 3236 375 3297 forsan
397 3236 479 3297 viva
501 3229 633 3315 spiritui
657 3228 730 3291 vini
753 3228 938 3296 immissa?
969 3233 1075 3297 Hisce
1092 3228 1130 3291 col·
1199 3290 1203 3303 ‚

194 3339 268 3399 lum
289 3338 443 3420 capillare
466 3334 603 3397 evanuit
640 3345 673 3396 et
702 3329 808 3394 antica
831 3352 916 3413 pars
943 3330 1131 3399 crassiuscult
1185 3306 1197 3367 ¹

195 3455 229 3501 et
250 3460 371 3523 rugosa
394 3450 544 3523 apparet3
568 3436 697 3517 reliqua
719 3453 781 3517 pro
806 3453 930 3501 more.
1185 3406 1201 3549 ἲ

298 3576 429 3641 Taenia
451 3570 615 3657 capillaris
639 3594 673 3633 n.
696 3572 750 3647 46.
779 3567 850 3631 huc
873 3572 1001 3637 forsan
1023 3572 1132 3637 reserere
1189 3609 1204 3650 ἵ

194 3671 248 3737 da.
291 3674 329 3737 A
351 3677 489 3759 reliquis
512 3671 772 3751 distinctissima,
795 3670 908 3739 etiam
923 3680 969 3741 ab
983 3682 1132 3759 insequar

194 3784 238 3852 te,
260 3794 360 3854 quam
381 3780 546 3848 conferas.

1183 2792 1196 2833 l'

1183 2897 1194 2937 i

1183 3099 1198 3139 l
