2408 4478
503 246 830 354 '—-'·420'-·

204 446 246 507 ad
269 456 334 505 tres
357 435 463 501 lineas
485 437 599 516 longa,
622 434 752 515 postice
777 432 960 511 crassiora,
988 448 1104 519 nequ'e
1119 443 1167 502 col·
1200 448 1202 455 '

205 550 259 626 10,
294 539 346 602 uti
368 541 446 602 alias
478 538 568 611 vidi,
602 539 756 620 globoso,
793 541 890 602 conf.
915 542 1004 604 Ent.
1027 543 1070 603 II
1105 560 1127 604 1.
1142 565 1165 624 p.

206 648 281 723 426.
304 658 339 703 n.
363 658 415 717 59.
459 641 546 701 Cum
576 641 674 700 nulla
699 642 762 700 alia
786 654 874 703 'nota
909 643 1165 723 discrepent‚u

206 743 391 830 specimina
415 743 500 803 olim
522 738 639 821 Aprili
666 756 698 803 et
730 741 825 804 Julio
857 744 1089 822 invenerim,
1119 747 1164 808 dis

210 848 341 911 crimen
359 845 474 906 forsan
498 848 537 905 ab
560 857 666 906 aetate
689 858 746 905 aut
769 867 786 906 a
808 860 914 928 partu
939 849 1087 928 pendet.

264 1021 347 1093 1¹5.
373 1007 543 1077 Distoma
569 1003 685 1076 fallax
708 1011 752 1075 R.
779 1030 816 1073 n.
841 1028 901 1098 sp.

316 1156 361 1215 In
388 1154 593 1232 Uronoscopi
621 1153 732 1213 scabri
768 1149 878 1210 Junio
915 1151 1079 1235 Neapoli
1108 1151 1162 1215 vbi

68 1305 73 1319 .
214 1254 345 1319 dissecti
368 1253 560 1315 vcntriculo
584 1254 665 1313 duas
687 1273 746 1334 per
766 1250 869 1311 horas
895 1274 1015 1333 aquae
1039 1257 1162 1317 commis

214 1380 251 1422 so
276 1357 405 1436 aliquot
424 1353 609 1435 specimina
631 1356 740 1435 reperi
761 1366 917 1428 mortua,
949 1374 1043 1421 vase
1066 1357 1161 1420 dorsili

213 1461 308 1541 nigro
325 1457 506 1530 instructa,
529 1476 673 1535 quorum
697 1459 736 1517 ab
759 1454 921 1517 examine
943 1455 1013 1519 illa
1040 1460 1162 1522 liaudil·
1203 1491 1204 1496 1

214 1564 376 1624 lustrante
408 1570 566 1619 avocatus
600 1575 686 1620 snm.
736 1557 870 1620 Julio'
860 1576 1082 1641 insequente
1101 1554 1186 1623 duas

216 1663 340 1727 iterum
364 1660 453 1723 secui
476 1659 717 1739 Uranoscopos
739 1660 1005 1725 recentissimos
1031 1678 1066 1728 et
1085 1664 1116 1727 in
1131 1668 1161 1725 iu

217 1763 346 1831 testinis
377 1781 483 1841 aquae
506 1759 694 1823 commissis
722 1760 880 1826 Distoma
916 1766 1053 1828 vivum
1079 1765 1162 1851 repul

217 1885 284 1933 tres
307 1869 413 1928 lineas
425 1865 577 1943 longum,
599 1865 635 1923 in
653 1883 738 1943 aqua
753 1864 1037 1949 vividissimum,
1056 1870 1094 1933 in
1106 1890 1162 1933 ven

218 1968 344 2033 taiculis
368 1967 541 2045 complura
563 1964 801 2044 sesquilineam
818 1969 938 2052 longa,
956 1973 1102 2036 tandem
1114 1970 1163 2035 uni

220 2094 297 2136 cum
319 2066 471 2150 quinque
488 2067 589 2128 lineas
612 2069 813 2148 adaequans.

324 2194 500 2257 Minorum
521 2212 644 2274 porum
672 2194 811 2276 quidem
840 2197 1005 2264 anticum
1029 2199 1113 2280 vidi,
1136 2203 1163 2265 dc

218 2301 366 2367 ventrali
395 2295 517 2357 dubius
543 2294 677 2355 relictus
710 2315 798 2367 sum;
832 2302 983 2365 tandem
1017 2308 1163 2389 specimen

220 2402 402 2466 maximum
424 2418 459 2460 se
484 2395 630 2470 evaluit,
661 2416 728 2476 quo
757 2399 923 2463 Distoma
949 2427 1032 2472 esse
1056 2409 1164 2495 agnovi.

327 2530 435 2591 Porus
471 2530 600 2588 anticus
623 2524 735 2584 minor
768 2529 1028 2613 subglobosus,
1064 2535 1163 2602 echinis

219 2622 314 2698 rectis
338 2630 477 2695 cinctus
523 2626 642 2692 Collum
668 2626 893 2708 cylindricum
915 2636 1049 2704 breve.
1087 2643 1164 2705 Pom

219 2735 381 2800 centralis
412 2732 572 2814 globosus
610 2724 796 2791 abdominis
832 2730 903 2795 ho'c
949 2741 1038 2803 Ioco
1073 2736 1164 2804 tumidi

220 2836 307 2920 apici
328 2832 489 2896 insidens.
515 2828 636 2913 Corpus
655 2831 822 2911 reliquum
844 2846 950 2914 tereS,
971 2847 1163 2927 subaequalt¹

221 2939 315 3021 apice
338 2934 465 3018 postico
490 2923 644 2996 tenuiore
668 2933 703 2993 in
727 2933 878 2996 maximo
904 2945 1103 3022 specimine
1121 2950 1165 3010 seca

221 3044 391 3124 perforato
416 3036 503 3113 viso,
524 3035 561 3098 in
585 3032 722 3115 reliquis
742 3037 984 3127 obtusissimo,
1010 3071 1054 3111 an
1075 3068 1166 3132 appu·

223 3145 299 3206 dice
321 3142 480 3204 retracta?

328 3269 403 3330 Vas
428 3268 558 3329 dorsale
581 3264 718 3348 nigrum
732 3263 852 3347 spirale
874 3268 914 3332 in
940 3273 1107 3336 omnibus
1121 3289 1166 3352 spe-

222 3371 402 3437 ciminibus
432 3369 668 3450 conspicuum;
700 3371 736 3429 in
767 3389 893 3451 magno
919 3373 1166 3439 illo'oviduciut

221 3479 389 3540 maximus
411 3493 554 3552 vacuus,
577 3474 713 3553 specula
735 3468 782 3532 sic
806 3472 895 3535 dicta
922 3476 1097 3544 efficiens.

329 3600 390 3664 An
414 3597 533 3681 exigua
553 3601 610 3660 illa
633 3597 827 3682 specimina,
848 3597 891 3659 in
918 3625 1076 3685 quorum
1096 3602 1166 3668 nulls

224 3700 338 3782 capitis
363 3701 513 3776 echinos,
536 3701 573 3763 in
596 3706 709 3782 paucis
729 3720 813 3764 vero
838 3703 921 3782 pori
950 3713 1112 3775 ventralis
1131 3721 1166 3763 cc·

223 3801 357 3884 stigium
381 3805 560 3864 obscurum
581 3806 702 3887 reperi,
716 3804 852 3885 majoris
876 3811 1045 3874 sobolem
1058 3799 1167 3876 sistunt?

220 3903 317 3977 Vase
340 3904 464 3971 dorsali
485 3909 604 3974 saltem
625 3921 660 3976 et
680 3907 799 3980 habitu
819 3910 1062 3981 conveniunt.
