2408 4478
581 322 635 341 ..
686 296 774 379 254¹
812 326 865 347 .-

347 458 565 542 Oesopiagus
585 457 697 519 tenuis
720 453 757 519 in
778 476 1005 543 conspectum
1032 466 1140 549 venit,
1156 492 1188 535 rc

235 563 351 647 liquus
370 575 483 626 autem
506 572 628 621 tractus
651 559 849 623 intestinalis
872 564 998 628 ovatio
1023 570 1186 635 circumve

233 670 308 731 luto
347 659 575 739 absconditus.
638 656 742 725 Anus
787 684 884 729 more
916 666 1184 753 ·Spiropterarun

227 784 312 833 'ante
334 766 467 849 apicem
490 764 617 827 caudae
641 765 845 845 depressum
877 781 911 829 et
934 770 1131 853 deflexum,
1163 794 1184 842 et

228 867 380 955 longiori
405 878 483 930 ante
512 864 612 928 illum
632 866 787 930 distantia
809 870 916 932 vulva
940 878 1130 955 prominet.

339 972 423 1035 Obs.
446 968 563 1032 Gauda
584 967 721 1030 alterius
743 970 942 1051 speciminis
964 978 1083 1043 latiori
1107 1004 1182 1046 men·

226 1080 332 1141 brana
349 1070 490 1156 quidem
512 1071 681 1144 instructa,
699 1091 813 1152 neque
828 1090 945 1141 tamen
969 1082 1139 1164 spiraliter
1148 1088 1179 1149 in·

224 1182 348 1245 voluta
371 1177 414 1239 de
439 1192 566 1257 genere
589 1168 740 1254 primum
777 1197 831 1238 me
861 1170 1014 1245 dubium
1040 1188 1177 1261 reddidin

222 1284 292 1349 huc
312 1294 424 1342 tamen
448 1272 620 1360 pertinere
642 1275 775 1357 reliqua
789 1282 951 1363 sunderat,
964 1301 1014 1359 ,ut
1027 1292 1176 1373 specim

221 1385 311 1452 illud
332 1385 474 1446 fortasse
495 1377 697 1443 varietatem
720 1379 819 1445 sistat.
883 1388 1068 1474 Exempla
1088 1408 1173 1459 tamea

222 1490 415 1574 specierum
438 1483 529 1546 inter
551 1501 678 1566 genera
701 1496 850 1547 ceterum
870 1490 966 1567 bene
989 1496 1171 1559 condictis

220 1589 463 1658 termediarum
498 1584 537 1647 in
574 1586 671 1647 nulla
702 1588 878 1654 Historiae
905 1598 1081 1660 naturalis
1102 1614 1169 1681 pant

218 1694 354 1759 desunt

270 1834 330 1909 29.
355 1804 571 1911 ¹S'piroptera
596 1803 726 1886 Citiili.

321 1948 368 2011 In
390 1947 606 2031 Arctomydis
639 1945 748 2011 cicini
778 1936 977 2012 'ventriculo
1012 1962 1167 2035 ‘repertun

213 2075 279 2120 am.
300 2052 466 2116 Baansra
488 2064 662 2113 entozoon
676 2047 768 2111 misit
787 2050 1000 2129 femineum,
1025 2072 1090 2117 sex
1110 2075 1165 2119 cun

212 2154 355 2220 dimidia
377 2152 483 2216 lineas
507 2153 661 2235 longum,
682 2147 844 2232 utrinque
866 2153 978 2237 magis
1001 2162 1120 2224 tamen
1129 2179 1165 2221 an·

209 2272 359 2322 trorsum
381 2268 608 2328 attenuatum
631 2251 747 2334 capitis
776 2255 812 2317 ni
834 2246 936 2319 fallor
959 2259 1104 2341 papillis
1123 2283 1164 2326 sex

208 2362 427 2433 instructum,
469 2377 611 2439 quarum
642 2356 760 2419 saltem
782 2367 846 2422 tres
869 2360 997 2424 eadem
1019 2364 1164 2431 lineadi

206 2467 328 2527 stincte
351 2460 442 2535 vidi3
488 2461 683 2522 membrana
711 2457 827 2542 capitis
854 2454 992 2527 laterali·
1019 2468 1163 2553 utrinqne

207 2564 320 2632 tenui:
354 2566 451 2646 apice
472 2560 606 2625 caudali
627 2560 753 2625 inflexo
776 2575 875 2626 acuto
896 2567 1035 2650 papilla
1059 2574 1162 2661 exigna

204 2667 397 2734 terminato·

312 2767 526 2853 Spiropterae
546 2755 658 2830 Muris
681 2760 822 2833 obtusae
854 2780 892 2840 n.
912 2786 973 2846 aa,
994 2770 1161 2847 affinisv‘r

199 2876 313 2946 detur.

246 3018 311 3093 3⁰
336 3001 550 3096 Spiroptera
563 2942 752 3070 italconia

308 3128 393 3194 Am.
415 3130 581 3193 Barsrssn
608 3131 794 3215 specimina
827 3120 922 3193 misit
957 3132 1158 3216 quatuortn

199 3235 352 3298 Falconis
372 3233 534 3321 rnfipedis
557 3237 646 3320 pede
672 3248 824 3318 reperta,
866 3246 934 3296 tres
965 3241 1014 3302 ad
1043 3258 1159 3387 septem

195 3335 305 3402 lineas
326 3340 442 3422 longa.

307 3439 413 3524 Caput
436 3428 597 3523 'utrinque
617 3442 759 3517 alatum,
802 3446 1001 3508 truncatum
1031 3454 1093 3514 aut
1112 3440 1157 3513 ob·

194 3538 413 3617 tusissimunr
437 3567 500 3620 ore,
526 3558 690 3626 quantum
716 3544 834 3610 videre
855 3545 945 3623 licet,
971 3552 1155 3629 orbiculari.

193 3644 323 3713 evalvi.
368 3646 489 3731 Corpus
517 3647 676 3730 utrinque
705 3651 808 3734 magis
829 3657 946 3715 'tamen
969 3669 1154 3719 antrorsum

193 3761 413 3823 attenuatum,
436 3738 602 3831 majorum
621 3752 743 3832 spiram
761 3757 864 3837 magis
880 3757 1035 3836 planam,
1057 3758 1152 3821 mino·

191 3864 270 3915 rum
300 3860 501 3936 'protractam
541 3853 704 3918 efficiens.
753 3856 872 3919 Gauda
904 3857 1073 3938 depressa
1103 3858 1150 3924 oia

190 3967 278 4029 tusa.
318 3953 413 4022 Alae
434 3957 586 4043 corporis
607 3963 741 4041 tenues,
763 3962 893 4029 caudae
912 3963 1076 4049 majores·
