2408 4478
13 452 22 496 Ι

12 562 23 600 l

397 308 450 338 ι-
501 290 582 365 3s5,
626 280 679 338 -i

104 465 165 518 to.
193 447 532 538 Echinorltynchus
557 446 784 544 globulosus
810 454 855 521 lt.

161 586 417 680 speciminibus,
443 615 527 685 quae
552 591 634 667 olim
655 592 691 653 in
710 597 868 661 Muraena
886 605 1016 681 Anguil-

41 697 83 761 la
115 697 245 792 reperi,
280 695 420 787 perditis
449 716 533 756 num
566 698 626 758 illa
665 718 750 786 quae
796 704 1015 781 postmodnm

12 846 14 854 ,
40 800 156 864 variis
180 799 215 859 in
236 798 385 879 piscibus
411 796 550 874 offendi,
572 810 687 876 exacte
702 801 922 886 conveniant,
948 828 1010 887 pro

42 919 149 985 certo
172 901 309 982 quidem
331 902 539 970 contendere
554 912 789 981 neque0,cum
806 905 936 984 horum
952 910 1018 976 col·
1050 968 1056 981 ,

19 1007 127 1070 -lum
154 1003 293 1067 brevius
316 1001 499 1082 reperiam,
538 1024 575 1064 ac
602 1001 639 1063 in
673 1004 928 1091 Entozoologia
964 1011 1018 1090 de·
1051 1050 1057 1064 ·

44 1107 196 1189 scripsi3
224 1104 281 1166 vix
302 1118 413 1176 tamen
437 1104 572 1168 differre
596 1104 806 1185 crediderim,
830 1125 886 1170 aut
909 1111 937 1173 si
959 1112 1019 1175 dit'-
1103 1138 1113 1154 ’-

44 1211 182 1288 ferant,
212 1209 359 1299 spetiem
379 1208 528 1283 maxime
552 1206 687 1267 affinem
711 1209 930 1275 constituunt.

152 1331 177 1385 ιι
198 1310 307 1370 Multa
331 1306 515 1399 specimina
536 1307 572 1369 in
604 1307 768 1372 intestinis
805 1315 908 1377 Gobii
935 1315 1021 1398 nigri

49 1409 195 1490 saepius
226 1407 355 1469 dissecti
389 1407 544 1470 Arimini
571 1390 703 1490 Aprili,
734 1412 839 1477 Junio
873 1417 1022 1517 Neapoli

50 1514 194 1594 reperi;
229 1512 426 1594 proboscide
448 1510 540 1574 ovali
566 1511 680 1585 brevi,
708 1507 998 1581 uncinulorum
974 1543 1022 1586 re·

52 1614 307 1693 ctiuscnlorurn
342 1615 492 1676 seriebus
527 1626 602 1676 octo
641 1615 718 1677 laxe
750 1616 893 1692 munitm
936 1624 1022 1689 colio

52 1717 286 1788 brevissimo;
321 1740 452 1798 corpore
488 1717 656 1796 oblongo,
687 1729 869 1780 retrorsum
898 1735 1023 1787 attenu-

54 1833 144 1890 ate,
177 1817 298 1900 passim
321 1817 429 1888 amice
451 1800 728 1895 subventricoso,
766 1821 895 1899 poetice
921 1828 1022 1908 cylhr.

58 1922 174 1984 drico.
227 1922 334 2002 Saepe
371 1921 540 1985 vesiculas
577 1920 740 1981 masculas
779 1921 865 2002 apici
895 1920 1021 2006 caudae

58 2024 252 2103 adpensus,
280 2023 340 2084 sed
372 2022 471 2085 etiam
503 2025 618 2082 ovaria
641 2021 770 2099 eodem
790 2024 868 2095 ioco
890 2026 926 2093 in
950 2030 1022 2109 eliis

57 2125 182 2204 eiapsa
202 2127 330 2189 vidisse
352 2125 438 2186 mihi
459 2124 591 2188 videor.

180 2229 278 2314 Quae
302 2228 337 2304 in
365 2229 480 2290 Gabiis
503 2230 770 2309 quatuornigris
791 2233 881 2294 etin
904 2232 1033 2297 ultima,

45 2325 242 2414 'quidem
233 2330 383 2392 intestini
404 2318 639 2410 tenuis'partm
664 2347 741 2395 ante
754 2356 777 2394 t
780 2331 931 2398 alvulam
955 2335 1023 2399 coli

62 2433 214 2505 offendi,
236 2437 339 2515 magis
355 2432 609 2504 adhucadEch
617 2435 838 2515 globulorum
852 2438 1022 2556 pertinere

62 2538 148 2610 visa
171 2549 259 2598 sunt

158 2640 190 2699 b
214 2639 257 2698 Ιιι
281 2641 384 2734 Spart
401 2639 561 2700 Denstcis
586 2637 754 2702 intestinis
780 2587 945 2704 Arimini
955 2641 1025 2704 Ma-

62 2741 107 2824 jo
134 2739 327 2815 duodecim,
352 2739 412 2800 tria
430 2738 579 2821 Neapoli
600 2739 694 2802 Julio
711 2744 823 2823 reperi
836 2742 1026 2824 specimina

27 2906 30 2911 ,
65 2842 299 2912 flavescentia
322 2844 379 2906 vel
401 2842 491 2917 alba,
515 2840 676 2904 omnibus
688 2843 839 2917 numeris
863 2864 940 2906 curn
962 2844 1025 2927 pri·
1086 2860 1090 2868 ·

67 2945 191 3028 oribus
215 2943 468 3010 convenientias

161 3069 190 3117 c.
211 3051 309 3111 Idem
333 3050 425 3129 valet
448 3045 494 3105 de
510 3042 808 3126 Echinorhynchis
832 3046 964 3108 duobus
987 3044 1026 3113 in

72 3151 289 3234 Sphyraenae
315 3151 399 3234 Spes
432 3143 603 3227 intestinis
624 3146 773 3231 Neapoli
792 3149 815 3211 J
816 3146 897 3226 unio
930 3148 1026 3223 mihi·

68 3268 149 3334 snet
172 3254 293 3329 obviis.
352 3244 354 3249 ’
708 3239 713 3249 ’

125 3403 132 3410 -
163 3373 196 3445 d.
216 3374 382 3452 Necnon
405 3369 447 3437 de
469 3369 579 3445 alteris
612 3369 749 3458 duobus
773 3366 905 3450 ibidem
931 3370 1026 3451 Julio

30 3548 38 3567 x
69 3473 113 3555 in
136 3472 305 3551 intestinis
331 3471 555 3549 Pleuronoc'tis
577 3471 798 3554 Linguotulao
819 3472 974 3554 repertis..
999 3483 1002 3487 '

166 3598 199 3640 e.
238 3578 282 3638 In
316 3577 475 3651 sciaenae
512 3573 650 3652 Lbnbrne
684 3593 829 3656 magnae
865 3573 1029 3660 intestino

73 3676 218 3775 Speziae
240 3675 398 3764 Augusto
417 3673 692 3759 plurimainveni
691 3674 903 3758 specimina,
926 3700 1030 3743 unam

75 3801 158 3851 cum
182 3779 322 3842 dimidia
346 3781 389 3841 ad
409 3794 474 3844 tres
496 3778 601 3856 lineas
623 3779 746 3876 longa,
774 3777 864 3854 flava¹
877 3782 943 3844 vel
961 3803 1031 3865 pas·

75 3880 145 3961 sins
165 3883 253 3961 alba.
296 3884 474 3968 Proboscis
498 3879 627 3975 ousiis,
646 3901 704 3951 sex
725 3881 788 3946 ad
790 3894 870 3959 octo
890 3886 1044 3967 uncino-
