2452 4478
414 287 465 306 ...
518 251 696 345 565-

121 491 181 581 56.
208 493 367 588 Cepolae
393 464 634 566 rubescentis.

154 711 157 719 ,
177 675 206 721 1.
228 656 379 721 Arimini
402 679 521 722 versus
546 661 650 723 finem
676 659 806 746 Aprilis
829 668 917 735 inter
931 674 1030 759 Cepo-

63 761 118 822 lae
149 760 349 823 rubescentis
379 764 796 845 appendicespyloricas,
831 786 864 833 et
886 776 1027 858 reliquis

64 876 188 925 tractus
208 862 408 926 intestinalis
430 868 578 944 partibus
598 866 814 930 inhaerentia
836 877 946 957 reperi
961 881 1028 945 Ne.

63 967 235 1028 matoidea
258 964 387 1027 circiter
409 969 552 1049 triginta,
575 968 835 1049 cinerescentia,
871 980 953 1042 duas
984 984 1027 1045 ad

63 1082 211 1148 quatuor
226 1067 334 1135 lineas
356 1070 468 1150 longa,
493 1069 699 1137 tenuissima
748 1073 856 1176 Caput
878 1081 1025 1162 trinode,

62 1154 236 1233 interdum
260 1172 383 1252 papilla
406 1170 543 1232 media
534 1186 734 1236 instructum
753 1175 875 1255 visum,
896 1197 1025 1249 trunca-

64 1289 152 1338 tum.
198 1272 326 1358 Corpus
354 1275 518 1353 utrinqne
539 1295 674 1356 parurn,
706 1278 810 1361 magis
832 1293 946 1347 temen
966 1309 1031 1368 po-⁸

61 1375 205 1442 steriora
226 1393 346 1437 versus
369 1386 586 1439 attenuatum.
633 1376 744 1443 cauda
773 1394 868 1443 acuta
891 1385 1023 1468 depres.

61 1502 109 1546 sa.
163 1476 355 1561 specimina
379 1475 528 1556 peliquis
568 1479 673 1560 duplo
707 1479 843 1552 minora
876 1493 1024 1555 mascula

48 1586 176 1647 'forsan
200 1594 287 1658 sunt,
310 1579 372 1641 sed
395 1576 532 1659 spiculis
555 1600 625 1640 non
646 1583 795 1651 exsertis.
838 1586 1022 1653 Miorosco-

59 1685 109 1768 pii
132 1704 200 1768 ope
230 1681 351 1743 canalis
381 1682 513 1743 medius
539 1684 707 1746 obscurus
744 1701 920 1770 totumque
952 1713 1022 1757 cor·

58 1807 125 1874 pus
148 1801 355 1870 percurrens,
379 1784 440 1846 sed
462 1783 549 1848 nihil
571 1788 657 1849 ultra
686 1791 901 1874 conspicitur.

123 1906 131 1913 '¹
168 1939 198 1985 2.
218 1923 265 1983 In
288 1920 371 1980 alius
388 1917 530 2000 Cepolae
551 1919 748 1985 rubescentis
760 1925 937 2007 peritoneo
954 1927 1023 1993 Ne·

58 2025 272 2089 matoideum
295 2024 406 2103 reperi
435 2022 624 2101 rubellum,
652 2027 812 2104 pollicem
836 2027 1018 2092 dimidium

53 2129 219 2211 longum,
248 2127 407 2220 utrinque
431 2125 604 2197 obtusum,
636 2123 742 2189 antice
764 2129 913 2205 crassius,
935 2129 1020 2196 inte·

57 2229 156 2294 stinis
178 2224 358 2311 prolapsis.
402 2223 517 2304 Hujus
553 2237 652 2304 caput
685 2232 916 2311 compluribus
951 2236 1021 2297 val·

56 2330 151 2397 vulis
166 2331 375 2394 instructum
397 2329 521 2389 visum
564 2323 777 2408 Viviparum
799 2347 884 2413 erat,
904 2335 1017 2400 foetus

44 2433 125 2569 'illis
148 2429 328 2496 Cucullani
345 2414 482 2492 similes.

97 2560 231 2635 Ἀῐι
256 2562 324 2633 hoc
351 2562 573 2649 individuum
599 2559 781 2657 prioribus·
799 2569 904 2656 magis
933 2571 1017 2640 eio-
1044 2622 1048 2634 i

54 2667 193 2739 lutum?

110 2842 171 2916 58.
197 2831 306 2904 Zenis
332 2784 453 2906 Fabri}

175 2979 272 3041 Inter
315 2973 518 3060 appendices
555 2975 658 3037 Zenir
701 2971 801 3035 Fabri
845 2971 1014 3057 pyloricae

55 3076 208 3167 Arimini
234 3079 351 3162 Aprili
387 3101 489 3160 quam
524 3079 689 3164 plurimos
713 3070 838 3156 reperi
880 3058 1016 3163 verines¹

47 3180 198 3289 teretes,
232 3184 344 3260 albos,
387 3195 454 3248 tres
488 3195 679 3267 quatuorve
705 3177 813 3240 lineas
842 3179 885 3241 ad
919 3179 1017 3264 polli-

55 3282 141 3348 ceni
160 3281 271 3366 risque
293 3285 443 3370 longos,
466 3301 609 3366 tenues,
637 3278 891 3366 vividissimoe,
920 3284 1016 3352 femi
1066 3348 1069 3353 ,

39 3402 162 3456 ἠως.
654 3410 657 3419 “
700 3412 703 3417 ·
766 3410 772 3421 ·
976 3408 979 3415 ·

168 3521 282 3608 Caput
304 3527 483 3605 obtusum,
513 3525 729 3607 papillarum,
755 3537 880 3606 'neque
901 3480 1014 3582 triv'al·

54 3649 120 3703 ve;
140 3649 257 3711 corpus
281 3627 458 3717 utrinque,
479 3624 661 3711 praecipue
691 3637 805 3693 tamen
827 3619 1015 3703 posteriora

52 3750 177 3797 versus
198 3746 422 3810 attenuatum,
444 3730 560 3817 cauda
571 3730 770 3814 depressa,
763 3737 884 3840 acuta.
911 3723 1048 3789 Cana·

41 3833 94 3919 lte
117 3834 252 3913 medius
273 3854 409 3921 opacus
699 3907 701 3911 ,
771 3915 775 3925 ι
815 3886 817 3891 ,

656 3932 771 4000 ΝΜ
832 3936 874 3943 “’
