2408 4478
560 282 841 361 ''⁸²5²‘'

220 432 371 515 quodvis
392 446 538 515 utroque
560 449 712 498 extremo
738 450 841 501 tenue
862 435 1010 524 incipiat
1031 455 1172 511 tumui

221 538 286 601 sim
308 556 486 602 crassescat
508 555 541 602 et
563 539 677 600 medio
699 537 824 601 iterum
854 541 1047 608 decrescat.
1109 544 1173 629 Api·

221 665 277 707 ces
297 642 335 705 in
359 642 605 726 speciminibus
628 639 741 703 missis
772 642 865 705 haud
900 660 1006 715 acute
1039 649 1172 713 termina

221 761 274 809 tos
296 745 381 819 vidi,
405 747 521 825 quales
545 746 624 805 icon
646 742 741 818 sistit,
764 747 825 809 sed
845 747 1051 813 diffluentes
1067 764 1102 813 et
1117 752 1172 833 plus

219 851 335 915 minus
357 852 504 919 laceros;
524 846 772 927 lymphamque
794 844 831 909 in
854 852 1039 913 canalibus
1071 854 1173 916 fistulo

220 955 268 1017 ais
291 967 438 1016 coactam
461 952 653 1032 passimque
687 968 919 1030 compressam
962 955 1073 1019 filum
1106 955 1173 1020 imc-

221 1059 324 1140 quale
348 1055 526 1116 efformare
546 1052 760 1116 crediderim.
806 1052 924 1115 Facies
949 1056 1098 1121 filorum
1117 1080 1172 1125 cm

221 1180 310 1224 vexa
332 1148 490 1236 utrinque
514 1170 703 1236 exsperata,
749 1156 810 1219 sed
847 1158 1120 1223 tuberculorutu
1141 1180 1171 1223 ae

219 1262 309 1327 riem
332 1261 504 1340 duplicem
526 1260 716 1340 regularem
737 1259 845 1339 figura
866 1259 1026 1321 oblatam
1049 1261 1090 1325 in
1109 1261 1169 1325 mtt't

218 1386 294 1431 non
314 1362 459 1443 reperio.
524 1360 723 1442 Longitudo
758 1362 900 1423 filorum
933 1377 1097 1425 ceterum
1118 1386 1168 1445 qua

220 1484 300 1530 tuor
322 1466 364 1526 ad
387 1478 463 1524 octo
486 1464 628 1544 pollices
651 1463 831 1543 adaequat,
861 1461 1039 1527 crassities
1065 1484 1168 1531 sumu

220 1574 348 1634 lineam
370 1565 431 1627 vix
453 1582 595 1646 superat.
629 1566 718 1626 'sota
739 1565 893 1647 undique
918 1569 1116 1631 substantia
1131 1568 1167 1631 bc

198 1650 201 1657 ¹
220 1690 402 1755 mogenea‚
418 1666 537 1741 solida,
551 1665 670 1747 spiritu
683 1667 796 1729 forsan
820 1666 1030 1739 duriuscula
1051 1672 1167 1743 reddita,

219 1773 381 1855 nuspiam
398 1783 474 1831 cute
495 1784 590 1841 tecta,
614 1771 706 1847 quod
729 1790 783 1832 me
802 1769 920 1850 judice
946 1786 1166 1854 argumento·

219 1877 328 1941 crucis
362 1890 422 1937 est.
476 1872 621 1935 Nullum
655 1874 746 1932 enim
778 1872 876 1934 datur
904 1886 1108 1954 entozoon,
1132 1872 1166 1937 cd

219 1980 305 2042 cutis
328 1980 528 2059 denegetur,
572 1975 734 2055 quodque
765 1988 902 2039 coctum
931 1978 1105 2045 albumen
1126 1998 1165 2043 no

220 2083 307 2145 dum
324 2081 456 2144 reserat.
501 2080 606 2142 Color
629 2078 790 2142 flavescit.

327 2185 467 2246 Motum
501 2181 650 2245 debilem
682 2180 939 2243 undulatorium
975 2186 1016 2245 in
1056 2183 1164 2266 quibus

221 2290 300 2351 dam
314 2287 532 2349 observatum
546 2303 627 2357 esse,
637 2284 893 2363 plurimosvero
908 2300 1073 2349 mortuos
1086 2287 1164 2349 fron

220 2395 244 2455 l.
266 2412 294 2452 c.
317 2387 472 2462 traditum
495 2388 553 2449 sed
575 2402 690 2446 motus
719 2386 778 2448 ille
800 2400 889 2450 certe
912 2407 932 2446 a
958 2400 1165 2471 temperatura

219 2506 346 2558 mutata
367 2494 425 2553 vel
447 2489 511 2552 alia
534 2509 627 2550 causa
652 2489 789 2570 physica
811 2488 990 2568 pependit.

328 2611 358 2672 3.
383 2596 427 2656 In
449 2589 547 2654 tertia
569 2593 710 2654 demum
742 2590 855 2672 phiala
877 2609 938 2652 sex
961 2606 1115 2655 entozoa
1131 2590 1165 2657 al·

219 2712 316 2764 erant
335 2694 563 2770 nematoidea‚
587 2716 734 2776 quorum
765 2695 871 2777 ligura
901 2695 924 2755 l.
948 2716 979 2757 c.
1008 2697 1113 2761 icone
1130 2714 1164 2755 su·

217 2801 354 2886 periore
383 2797 493 2861 obiter
513 2796 697 2867 indicatum
752 2797 795 2859 de
826 2798 876 2857 his
901 2812 1022 2862 autem
1054 2800 1085 2862 si
1111 2797 1166 2861 dici

217 2918 283 2984 tur,
305 2923 411 2983 aeque
448 2923 568 2985 parum
590 2900 804 2979 microscopii
837 2919 902 2976 ope
940 2899 1105 2985 indagari
1127 2920 1166 2983 po

218 3007 331 3083 tuisse,
356 3025 407 3069 res
431 3021 519 3068 certe
540 3006 644 3085 longe
667 2999 763 3063 aliter
784 3019 821 3065 se
842 3001 963 3077 habet,
1014 3005 1111 3086 quod
1129 3004 1166 3065 dc·

218 3108 355 3188 scriptio
378 3106 524 3168 docebit.
894 3171 897 3178 ,

324 3209 405 3270 Mas
438 3222 532 3284 cem,
566 3204 701 3294 femina
729 3208 847 3271 decem
879 3204 992 3270 lineas
1026 3218 1165 3291 aequant,

218 3326 350 3387 tenues,
372 3309 485 3385 albidi,
508 3312 608 3373 valde
629 3309 764 3373 elastici.
1087 3300 1092 3307 ⁸

329 3413 443 3495 Caput
465 3426 667 3489 truncatum,
712 3414 835 3497 passim
861 3430 932 3472 una
952 3413 1109 3478 alterave
1128 3430 1166 3493 pa·

218 3517 300 3596 pilla
320 3515 521 3576 instructum
559 3516 686 3580 visum.
734 3517 783 3581 Os
810 3513 1016 3579 orbiculare.
1064 3514 1166 3597 Corpus

219 3617 396 3696 utrinque,
441 3618 637 3698 praesertim
677 3633 788 3680 tarnen
819 3633 1015 3679 antrorsum
1037 3633 1166 3683 attenua·

220 3732 306 3788 tum,
331 3720 389 3778 vel
411 3736 504 3799 parte
526 3721 654 3802 postica
677 3724 766 3795 sola,
809 3720 867 3781 vel
889 3721 994 3781 etiam
1016 3717 1166 3785 anteriore

218 3816 383 3897 spiraliter
404 3818 572 3889 involuta.
613 3823 724 3886 cauda
741 3819 888 3910 feminae
910 3821 1068 3901 crassior,
1090 3818 1166 3903 apice

220 3918 423 3985 brevissimo
455 3926 593 4004 obtuso,
635 3925 732 3990 tenui
758 3938 792 3991 et
816 3924 1012 4010 pellucido.
1074 3923 1165 3991 Maris
