2452 4478
414 288 464 306 ..
518 205 693 342 501⁴·-

66 411 145 475 ovis
169 413 382 497 denegatum,
407 422 467 481 vix
483 421 781 486 statuendum'esia
801 422 1032 493 sed‘istis'fer·
1124 432 1127 438 '

68 536 128 577 san
152 515 238 575 illud
260 532 435 600 tantopere
457 522 597 602 reliquis
614 523 734 587 tunicis
759 529 959 606 accedit,ut
981 548 1032 592 ea·

69 620 152 681 ‹lern
175 619 276 694 simul
297 622 406 684 forma
428 638 526 686 utens
555 646 629 686 non
656 630 964 704 animadvertatura
993 631 1032 694 in

67 724 110 785 Τ.
133 741 265 804 porosa,
287 726 331 790 T.
354 724 507 815 variabili
529 734 688 809 certeque
701 730 774 794 aliis
798 735 887 797 bene
909 731 1028 795 multis

65 816 177 888 fornia
199 841 233 889 et
248 824 482 908 magnitudine
504 830 677 907 recedens,
691 811 850 898 facillime
860 837 922 896 sub
947 853 1026 896 ocu-

17 985 21 994 „
65 929 120 989 los
146 929 265 991 cadat.'

175 1033 220 1093 In
238 1033 399 1114 Catalogo
424 1030 621 1097 Viennensi
650 1039 739 1120 typis
759 1036 923 1120 impresso
947 1044 1027 1117 cu'm

64 1134 270 1213 insequente
294 1149 327 1198 et
344 1136 566 1215 praecedente
590 1138 822 1222 conjungitur,
855 1139 915 1202 sed
938 1145 1026 1217 quae

63 1234 157 1297 milri
178 1239 296 1300 saltem
317 1237 390 1299 visa
411 1250 500 1317 sunt
512 1237 698 1320 specimina
714 1240 862 1306 diversas
878 1251 1023 1322 arguunt

65 1338 209 1422 species,
234 1343 310 1401 licet
332 1337 461 1416 aiiines.

117 1511 179 1584 50.
206 1495 343 1570 Taenia
367 1498 620 1592 amphitriclra
643 1504 689 1578 R.
704 1525 740 1570 n.
761 1525 819 1598 sp,

174 1642 321 1710 Amicus
357 1641 550 1723 saepissime
584 1647 739 1709 laudatus
776 1647 877 1710 etiam
916 1626 1019 1727 hujus

61 1742 254 1828 specimina
275 1743 366 1807 misit
386 1745 422 1807 in
451 1745 618 1809 intestinis
653 1751 791 1831 Dingae
812 1751 945 1830 alpinae
968 1766 1021 1809 re·

59 1835 168 1932 perta,
192 1869 299 1914 unum
320 1850 363 1910 ad
376 1848 526 1929 quinque
548 1850 690 1930 pollices
705 1853 818 1934 longa,
841 1847 1020 1912 latitudine

59 1970 196 2026 summa
217 1951 341 2013 lineam
361 1952 560 2030 superantia.

154 2054 269 2133 Carpus
298 2050 426 2136 duplici
446 2052 554 2113 forma
577 2054 736 2131 occurrit,
764 2055 900 2117 rostello
932 2047 1016 2112 scili·

58 2167 117 2225 cet
136 2140 277 2216 retracto
306 2153 479 2233 innatum,
518 2155 695 2236 superficie
726 2158 833 2220 antica
855 2158 1017 2228 truncata,

57 2250 193 2321 exserto
226 2256 484 2319 subrotundum.
522 2247 706 2321 nuscanum
738 2262 846 2340 capite
867 2254 1014 2339 longius,

59 2358 297 2443 cylindricum,
321 2357 416 2439 apice
437 2356 474 2418 in
494 2359 663 2420 nodulum
690 2353 846 2426 abeunte.
894 2357 1016 2422 Oscula

55 2481 181 2541 magna
212 2460 338 2534 media,
374 2479 489 2540 neque
520 2457 627 2521 antica
658 2473 696 2522 ut
726 2461 762 2524 in
785 2464 823 2523 Ῥ.
847 2457 1013 2534 variabili,

53 2582 173 2642 neque
190 2565 352 2626 exstantia
375 2564 424 2623 uti
443 2564 648 2644 plerumque
669 2563 707 2624 in
722 2565 765 2629 T.
787 2561 1014 2645 sphaeroph'o·

54 2684 95 2725 ra
119 2676 152 2726 et
173 2664 251 2726 Filo
274 2666 487 2728 exhibentur.
516 2730 519 2736 ,
539 2663 665 2726 Collum
696 2663 804 2747 capite
833 2661 1012 2750 aliquoties

51 2764 204 2848 longius,
223 2781 413 2828 antrorsum
436 2766 619 2828 dilatat-um.
661 2767 806 2830 Articuli
829 2763 1012 2828 anteriores

55 2867 283 2950 angustissimi
304 2870 364 2931 vel
394 2888 512 2931 omnes
547 2867 724 2943 contracti,
760 2850 883 2950 parum*
905 2863 1012 2947 longi·

52 2957 150 3046 oues,
179 2969 359 3033 ueletiam
387 2972 562 3035 breviores
594 2990 696 3051 quam
716 2970 792 3049 lati,
826 2970 885 3033 vel
908 2967 1011 3031 valde

51 3072 204 3148 extensi,
230 3074 404 3160 duploque
426 3074 614 3157 longiores,
637 3071 788 3157 margine
817 3084 932 3151 tamen
951 3093 1010 3154 po-

50 3177 139 3236 stico
164 3196 293 3258 semper
315 3173 562 3240 convenientes
592 3193 702 3237 crasso
730 3187 841 3250 recto,
862 3171 1010 3257 apicibus

44 3277 244 3340 lateralibus
267 3290 431 3352 exstante,
461 3276 552 3337 disco
583 3273 800 3338 articulorum
821 3277 1009 3359 pellucido,

41 3380 138 3443 vasis
158 3379 362 3443 'lateralibus
398 3397 498 3459 saepe
531 3379 833 3458 transparentibus.
900 3379 1010 3441 Inter·

42 3481 134 3544 dum
155 3502 267 3564 margo
287 3480 437 3564 posticus
458 3479 560 3542 valde
583 3491 702 3546 tumet.
744 3481 833 3542 Illos
862 3500 1010 3562 sequun·
1070 3547 1073 3555 ‚

43 3596 102 3647 tur
125 3581 256 3646 articuli
279 3582 488 3657 consimiles,
526 3582 586 3644 sed
614 3580 758 3660 majores
788 3594 822 3646 et
849 3603 914 3664 pro
936 3604 1012 3666 por-

43 3682 345 3759 tionerbreviores,
370 3684 498 3748 sensim
520 3683 634 3763 quoad
647 3680 861 3746 latitudinem
886 3707 1013 3770 augen-

39 3785 96 3866 di,
128 3784 321 3849 brevissimi
353 3800 464 3849 tamen
487 3783 619 3847 servati.
639 3812 642 3819 ¹
663 3786 754 3846 Tum
776 3785 922 3850 latitudo
946 3787 1008 3851 ite-

36 3877 267 3952 remeamini
289 3901 461 3973 tantopere
485 3886 657 3971 decrescit,
680 3901 718 3952 ut
738 3905 815 3973 pars
834 3891 1012 3976 posterior
