2452 4478
440 257 489 276 ..
533 222 621 315 '6¹3
672 259 723 279 .-

66 388 142 449 tuin
165 386 298 460 addam,
323 380 591 468 experimentum
619 413 638 454 a
666 393 708 459 ci
729 370 1034 477 virop.18d.so.

64 482 242 563 relatum,
262 491 321 548 ubi
355 511 422 583 ova
453 491 624 591 Ascaridis
658 496 697 556 ab
727 493 855 556 infante
887 494 1026 575 dejecta,

63 590 102 653 in'
132 589 257 653 scritoi'u
287 590 350 653 sibi
379 584 563 655 transmissa
595 608 629 658 et
657 598 774 657 siccata
803 594 892 658 canis
923 580 1031 669 ¹abdo

62 691 151 755 mini
174 696 310 756 immisit
325 697 430 774 (quod
448 688 630 783 emplastro
645 701 734 761 bene
749 682 930 760 ci'a‘usiss'ti
922 699 1023 776 vuit),

65 811 101 858 et
121 796 351 879 vigintitribus
377 796 507 861 diebus¹
521 797 643 881 elapsis
666 800 732 860 hoc
753 784 1028 875 ascm‘ir'iuminil-¹

63 894 156 958 libus
179 900 407 981 peireptatum
430 898 533 979 vidit,
570 903 609 962 ci.
632 900 847 964 professuris
867 894 1028 984 ignoran-¹

60 996 142 1061 tiam
174 1000 320 1062 maxime
350 1002 535 1097 prodere.
561 1004 666 1065 Nulla
693 990 969 1066 Entozooruni
955 1004 1028 1065 0'va'

10 1098 17 1155 ἓ
61 1106 153 1162 t'anta
179 1118 269 1182 sunt,
291 1116 411 1184 neque·
425 1102 581 1179 maximi,
618 1124 655 1166 ac
683 1102 743 1168 iile
765 1104 886 1166 eadem
909 1092 1027 1205 ᾕηςίῐξ

10 1228 15 1238 ’
61 1224 242 1283 nunquam
264 1220 489 1268 entozoorum
513 1227 578 1267 ova
600 1203 785 1303 composita
821 1222 913 1282 sunt,
949 1206 1021 1268 nul·

20 1300 24 1335 ²
64 1298 208 1385 iuinque
230 1304 328 1369 dat'tir
348 1308 628 1389 Nematoideum,
662 1308 756 1390 cujus
789 1322 860 1370 ova
878 1307 923 1371 ita
945 1328 1023 1393 con·

10 1400 24 1441 ³
64 1406 252 1491 g'iomerata
275 1423 368 1484 sunt3
401 1411 530 1472 nullius
559 1408 697 1474 entozoi
721 1430 788 1472 ova
811 1390 929 1472 siccate
952 1433 1022 1507 cor·

64 1530 153 1607 pora
176 1510 259 1572 dura
280 1512 408 1590 sistunt,
444 1534 530 1594 quae
557 1512 615 1574 tali
636 1515 740 1575 modo
776 1515 897 1574 scatoIa
919 1494 1021 1577 trairs

15 1620 18 1631 '
59 1610 155 1674 mitti
177 1630 326 1692 possent
371 1618 459 1678 Tota
482 1614 616 1676 Ascuris
640 1636 715 1676 curn
737 1635 883 1677 ovorum
906 1598 1020 1697 muitis

57 1714 218 1777 'miiiibus
248 1715 378 1794 siccata,
417 1717 506 1779 muci
533 1716 732 1799 particulam
760 1716 1022 1821 diaphanmmsi·

58 1808 134 1895 stit,
151 1819 293 1896 objectu,
309 1820 363 1881 cui
375 1812 512 1903 imposit
524 1820 653 1892 afuerit,
668 1819 911 1885 inhaerenst
878 1833 911 1885 et
933 1812 1019 1909 quae

55 1922 108 1985 'ci
133 1924 188 1981 vir
208 1943 268 2023 pro
295 1922 369 1982 ovis
390 1921 523 2000 habuit,
558 1934 792 1994 concrementa
812 1922 924 2009 forsan
948 1921 1019 1983 fue'·

61 2038 150 2086 runt
186 2024 404 2103 lymphatica,
442 2044 586 2104 quorum
622 2044 741 2105 magna
775 2022 869 2104 copia
901 2021 1018 2083 formis

60 2123 213 2187 maxime
234 2125 335 2185 variis
358 2147 457 2206 saepe
488 2125 649 2204 dejicitur.
693 2123 902 2206 Corporibus
925 2124 1019 2193 hisce

53 2224 241 2287 'abdomini
262 2228 351 2288 canis
373 2227 544 2307 immissu,
572 2224 725 2289 vulneris
751 2240 840 2288 certe
867 2224 1019 2297 curn'de·

58 2325 133 2388 bita
157 2348 227 2387 non
250 2345 299 2391 est
318 2330 444 2406 habita,
469 2351 536 2410 quo
558 2340 693 2390 muscae
717 2347 784 2391 ova
806 2346 866 2397 sua
887 2310 1024 2391 iitidem.

50 2428 302 2509 deposuerint,
324 2453 396 2493 non
420 2431 510 2494 enirn
524 2429 713 2503 Ascurides,
740 2447 821 2509 quas
844 2447 878 2490 se
899 2429 935 2491 in
960 2431 1019 2491 Ca-

57 2530 117 2593 nis
136 2524 320 2594 ¹abdomine
342 2533 469 2596 vidisse
488 2533 659 2616 gloriatur,
682 2531 741 2593 sed
758 2550 947 2592 muscarum
959 2533 1018 2593 iar·

58 2632 132 2694 vas'
149 2630 250 2711 vidit,
274 2637 367 2714 quod
387 2637 491 2716 ipsius
514 2634 741 2717 descriptione
766 2646 870 2719 patet,
894 2635 1017 2720 etipse

56 2746 154 2798 certe
176 2737 238 2796 tale
261 2731 342 2824 quid
364 2736 548 2818 suspicatus
564 2751 624 2815 est,
646 2757 724 2798 nam
746 2726 879 2794 illarum
901 2732 1016 2819 icones
1058 2754 1061 2763 ’

52 2858 135 2901 non
158 2837 264 2904 tradit.
287 2870 330 2886 -
372 2838 480 2904 Hisce
505 2842 634 2902 dudum
653 2833 849 2915 conscriptis
864 2835 1016 2896 Bremen-

52 2960 134 3001 num
155 2940 202 3001 iii.
225 2942 389 3019 Jncpunu
410 2943 606 3014 auctoritate
634 2938 791 3000 innixum
814 2932 1015 3021 corpuscuia

48 3044 114 3105 iiia
138 3062 199 3121 pro
224 3040 407 3102 seminibus
430 3041 620 3126 Fragariae‚
643 3036 932 3103 Ascaridesvero
956 3057 1014 3118 pa-

45 3141 135 3207 riter
156 3164 217 3224 pto
242 3141 343 3206 larvis
364 3143 487 3207 habere
510 3144 626 3207 video.

159 3246 353 3310 Hominem
384 3244 486 3309 istum
514 3245 660 3329 piurima
686 3264 729 3306 ex
759 3238 1013 3320 Entozoologia

43 3360 117 3410 tres
142 3366 250 3407 annos
283 3365 359 3411 ante
383 3348 453 3429 ejus
478 3351 751 3431 supplementum
773 3343 901 3425 publici
925 3341 1011 3421 juris

42 3450 136 3513 facta
154 3450 271 3511 iurtirn
286 3449 539 3531 'depromsisse,
562 3449 723 3528 illamque
750 3446 856 3509 semei
882 3457 1010 3504 tantum
1035 3461 1039 3470 ·

43 3550 242 3634 (et'forsan
259 3563 392 3633 praeter
413 3552 641 3627 voluntatem)
674 3571 707 3628 p.
743 3564 817 3625 232.
841 3561 911 3608 not.
935 3548 1012 3624 369.

41 3646 179 3729 ‘diuise
202 3652 336 3716 silentio
359 3653 615 3736 praeteriissem
638 3649 702 3711 nisi
724 3652 760 3710 in
772 3648 893 3712 Diario
915 3652 1010 3737 quod

38 3757 122 3821 'edit
141 3757 292 3829 (Nuovi
310 3757 528 3819 commentari
556 3755 590 3817 di
618 3750 792 3815 Medicina
822 3774 843 3817 e
869 3753 903 3815 di
933 3754 1008 3819 chi·

45 3860 162 3945 turgia
191 3861 276 3922 Pad.
301 3864 392 3931 1818.
413 3859 561 3944 August.
583 3876 618 3923 n.
643 3853 709 3934 16.)
731 3875 774 3917 ex
794 3850 924 3920 insidiis
946 3876 1003 3920 me
