2452 4478
405 231 584 313 -453
633 235 692 281 ’ὅ

61 386 151 451 ferre
174 389 287 466 valeo,
309 408 387 450 cum
405 387 583 470 descriptio
613 399 648 450 et
669 387 775 470 figura
794 378 897 448 nimis
917 380 1021 445 rudos

61 489 146 564 sint,
164 505 206 566 et
226 490 300 570 ipse
324 503 454 552 tantum
482 489 517 551 in
546 486 671 570 Poiypi
694 489 885 552 ventriculo
908 485 1018 548 Seole·

59 613 138 654 cem
160 591 355 672 repererim,
380 613 482 671 quem
500 604 590 654 certe
610 611 683 652 non
706 594 787 652 vult.
822 591 951 664 Forsan
973 600 1016 647 ta·
1103 592 1106 596 '

58 715 143 756 men
156 693 429 777 Tetrathynchus
444 691 519 770 fuit,
540 693 637 754 locus
660 693 781 756 saltem
799 689 926 772 optime
938 707 1016 780 conf

36 855 41 862 ,
59 811 174 860 vemt.

112 953 152 1032 7,
177 935 481 1027 Tetrorhynchus
496 933 793 1012 macrobothrius
817 939 864 1015 R,
877 929 967 1017 Tab.
982 945 1017 1000 2.

212 1059 240 1123 F
241 1055 291 1151 ig.
321 1066 478 1142 11-1‘5.

166 1202 248 1266 Ent.
268 1200 319 1262 Π.
342 1215 372 1264 1.
392 1220 427 1279 p.
449 1211 525 1274 320.
547 1221 582 1262 n.
606 1216 639 1267 2,
660 1205 700 1267 T.
722 1184 921 1301 papiilosus.

166 1299 408 1382 Descriptione
444 1297 667 1380 speciminum
705 1325 724 1364 a
753 1305 818 1373 cel,
850 1303 940 1364 Bose
977 1295 1015 1359 in

57 1405 214 1493 plurimis
237 1405 473 1484 Coryphaenae
494 1403 697 1482 Hippuridis
725 1406 889 1486 partibus,
912 1424 931 1464 a
953 1400 1016 1465 sel«
1073 1451 1076 1466 .
1116 1481 1123 1494 ⁸

56 1512 202 1572 Transro
225 1506 313 1568 inter
331 1503 477 1567 Scombn'
502 1504 685 1568 Pelamt‘dis
712 1510 884 1569 musculos
906 1520 1015 1584 repet·-

59 1623 184 1686 torum,
205 1611 246 1682 ,in
256 1607 508 1686 Entozoologia
520 1624 604 1666 usus
624 1627 710 1673 sum.
725 1606 877 1672 Berolini
903 1617 1016 1668 autem

60 1711 205 1776 Octobri
228 1728 342 1783 mense
365 1706 452 1780 inter
472 1710 601 1770 tunicas
623 1710 804 1779 ventriculi
832 1706 1018 1782 Testudinis

58 1817 187 1898 Mydae
210 1811 385 1894 specimen
416 1807 536 1871 vivum
563 1811 687 1891 reperi,
717 1828 750 1875 et
776 1812 945 1874 nonnulla
974 1807 1015 1868 ab

58 1937 115 1978 am
137 1915 271 1976 Oeneus
288 1914 324 1972 in
352 1911 584 1994 Coryphaenae
599 1915 766 1995 Equisela's
786 1917 916 1992 (neque
933 1907 1017 1990 Hip·

58 2015 202 2100 puridis,
224 2010 275 2075 uti
298 2013 495 2105 inSynopsi
509 2018 693 2097 suspicatus
716 2016 806 2091 sum)
828 2007 1015 2074 abdomine
1114 2082 1117 2091 ‚

59 2134 129 2180 tam
151 2120 267 2194 libera,
281 2135 381 2195 quam
402 2110 438 2175 in
463 2117 689 2198 hydatidibus,
702 2115 886 2179 Decembri
895 2128 1015 2176 mense

56 2234 203 2303 reperta,
227 2218 415 2307 transmissa
438 2233 528 2281 sunt.

172 2317 365 2383 Testudinis
400 2321 526 2401 Mydae
560 2321 791 2386 ventriculum
827 2317 1012 2405 aperiendo

55 2427 213 2491 foramen
237 2420 357 2502 reperi,
380 2425 507 2484 exitum
530 2425 671 2498 canalis,
695 2424 731 2485 in
755 2445 823 2504 quo
848 2426 1014 2505 Spiropte-

55 2549 131 2592 ram
153 2523 337 2606 suspicatus
361 2544 445 2598 sum,
458 2524 518 2588 sed
539 2540 670 2606 praeter
684 2524 883 2605 opinionem
901 2528 1016 2611 [Petra-

56 2628 253 2713 rhynchum
276 2622 421 2696 offendi,
443 2638 622 2705 promote
643 2627 841 2701 candidum,
870 2641 1015 2711 quatuor

57 2753 139 2794 cum
163 2727 301 2790 dimidia
320 2726 424 2789 lineas
446 2727 599 2808 longum,
622 2728 692 2790 fere
715 2728 798 2788 duas
818 2726 930 2792 lineae
951 2741 1015 2791 ter-

57 2832 120 2898 tias
144 2846 255 2915 partes
277 2833 391 2900 latum,
417 2830 703 2913 subtetragonum.
765 2821 768 2827 “

167 2937 314 2996 Bochria
334 2932 482 3014 primum
508 2929 568 2993 vix
594 2930 631 2993 in
661 2944 885 3016 consp-ectum
919 2927 1015 2994 veni·

56 3049 132 3112 unt,
150 3037 218 3098 ⁴sed
242 3048 330 3096 totus
350 3032 476 3110 ¹vermis
506 3046 649 3095 costatus
673 3037 825 3108 videtur,
858 3032 1015 3096 examine

57 3154 170 3204 autem
194 3137 399 3215 continuato,
423 3133 557 3197 bothria
575 3136 780 3216 longissima,
803 3121 936 3210 costata,
960 3135 1014 3198 ad·

57 3260 192 3327 pressa,
211 3237 358 3302 lateralia
381 3237 600 3313 exhibentur,
635 3241 840 3322 marginibus·
861 3236 1016 3300 latiuscu·

57 3345 99 3408 lis
122 3355 252 3407 tantum
273 3361 352 3404 cum
386 3337 511 3420 postica
544 3341 693 3422 eorporis
726 3355 820 3424 parte
847 3338 1015 3406 laevibus·

57 3444 287 3515 Proboscides
320 3440 454 3509 uncinis
487 3441 622 3509 ternatis
658 3456 812 3513 armatae.
876 3441 1016 3523 Popula
1116 3464 1118 3468 ·

58 3548 208 3612 caudalis
232 3546 355 3619 biioba,
377 3543 464 3605 iobis
485 3545 674 3626 profundis,
691 3541 830 3620 obtusis,
849 3545 1013 3608 continuo

57 3664 156 3716 motu
179 3647 240 3712 vel
262 3645 402 3713 diductis
424 3646 484 3714 vel
516 3647 684 3743 adductis,
719 3651 777 3714 vel
808 3660 939 3738 partem
966 3665 1016 3710 re.

58 3752 180 3823 uectis.

163 3851 359 3942 Specimim
386 3853 579 3931 Olfertiaua
608 3871 688 3938 eum
720 3850 887 3941 descripto
913 3847 1015 3937 proti.
1122 3955 1124 3957 ‚
