2452 4478
582 260 863 333 ‘'522“-

240 413 436 495 speciebus,
456 431 547 491 quae
566 411 811 475 monstrositati
825 413 909 478 huic
922 415 1099 497 obnoxiae
1118 432 1192 495 sunt,

239 515 300 579 illa
319 515 354 576 in
379 513 671 575 observationibus
690 518 877 591 adderetur.

290 671 351 764 69.
375 672 510 755 Taenia
537 674 681 742 Solium
706 678 825 755 Lusor,

347 819 443 891 Olim
472 819 508 881 in
536 820 757 890 cadaveribus
782 822 888 889 rarius,
922 844 1107 891 occurrere
1132 849 1186 892 cre·

225 921 321 994 didi,
344 925 438 1002 quod
457 921 538 983 dein
561 941 656 984 secus
679 923 762 998 vidi.
813 927 952 1008 Hycme
981 930 1077 990 enirn
1110 951 1186 1012 prae·

237 1025 336 1088 terita
357 1046 434 1085 cum
456 1023 653 1095 Medicinae
679 1025 831 1089 studioso
861 1030 998 1101 cuidam
1023 1031 1184 1096 intestino-

236 1149 318 1191 rum
354 1147 502 1190 examen
534 1124 571 1186 in
598 1125 725 1187 theatro
756 1131 944 1194 anatomico
976 1134 1182 1213 Berolinensi
1216 1182 1218 1189 .

236 1232 521 1304 commendarem,
543 1229 746 1291 brevissimo
770 1247 922 1314 tempore
951 1237 1064 1297 tribus
1090 1239 1125 1297 in
1144 1256 1181 1296 ra·

237 1337 421 1396 daveribus
444 1331 596 1393 Taeniae
618 1348 772 1412 repertae
795 1349 888 1409 sunt,
920 1318 1079 1419 easque,
1096 1344 1181 1418 quart

234 1440 342 1517 vulgo
370 1439 564 1508 assumitur,
599 1436 707 1495 multo
738 1437 946 1517 frequentius
983 1440 1022 1501 in
1055 1440 1178 1513 homine

234 1541 371 1612 adesse,
404 1537 464 1601 sed
498 1534 653 1619 innoxias
680 1537 901 1623 praesentiam
933 1562 1010 1613 non
1034 1543 1179 1616 indicare,

233 1660 434 1724 persuasum
455 1640 576 1700 habeo.

235 1810 238 1815 ,
322 1745 386 1829 ¹In
406 1745 531 1805 Museo
555 1728 755 1807 ,Viennensi
778 1738 953 1821 specimen
978 1747 1073 1827 vidi,
1095 1746 1177 1828 cnjus

234 1849 370 1911 articuli
390 1845 532 1927 majores
558 1839 729 1928 perforati
751 1860 843 1920 sunt,
871 1847 1044 1915 foramine
1075 1852 1176 1915 medio

232 1970 318 2011 mox
342 1949 507 2025 rotundo,
538 1967 619 2007 mox
646 1947 750 2028 magis
776 1947 1022 2025 rhomboideo,
1059 1953 1178 2015 minore

233 2053 291 2115 vel
313 2050 459 2130 majore,
497 2067 672 2129 nunquam
703 2064 813 2110 autem
838 2064 945 2125 tanto,
982 2072 1023 2113 ac
1043 2054 1177 2117 Mustius

230 2176 276 2217 ru:
299 2157 469 2216 Cazerrrs
492 2151 688 2224 delineavit,
711 2172 776 2231 qua
800 2152 841 2213 de
863 2173 899 2213 re
920 2155 1001 2215 Ent.
1026 2156 1058 2216 Ι.
1080 2171 1176 2237 Ρ.·ιο5

230 2278 267 2320 n,
298 2257 372 2333 363.
407 2255 606 2315 conferatur.
663 2255 873 2333 Plerumque
904 2256 1039 2317 articuli
1067 2260 1176 2321 maturi

230 2358 293 2419 toti
330 2358 512 2419 solvuntur
545 2371 578 2419 et
616 2374 749 2418 vermes
787 2354 1017 2418 cucurbitinos
1055 2363 1175 2434 sistunt,

229 2457 352 2537 passim
373 2473 483 2521 tamen
507 2457 622 2521 ovaria
643 2460 713 2518 sola
737 2458 899 2519 decedere
917 2458 1096 2537 videntur,
1120 2485 1175 2543 quo

227 2561 377 2622 Taeniae
399 2563 597 2622 fenestratae
620 2560 784 2621 oriuntur.
828 2559 912 2626 Alio
936 2558 971 2619 in
995 2565 1176 2644 specimine

219 2662 395 2727 ,loramina
415 2665 595 2726 articulum
622 2660 775 2731 inferiori
804 2663 907 2742 magis
935 2663 1016 2731 loco
1044 2667 1177 2747 trajicie-

227 2766 319 2830 bant·

332 2868 451 2928 Priore
473 2863 509 2925 in
531 2863 713 2948 specimine
735 2861 897 2933 foramina
918 2865 1123 2948 marginalia
1143 2893 1178 2934 ar.

227 2967 407 3029 ticulorum
432 2966 626 3028 breviorum
650 2970 784 3028 tubulos
801 2950 931 3038 sistunt,
956 2987 1045 3045 quos
1070 2973 1176 3035 ltacin

226 3070 337 3148 specie
360 3084 535 3150 tantopere
558 3085 741 3148 protractos
765 3082 860 3130 antea
883 3088 953 3126 non
978 3070 1070 3136 vidi.

331 3170 442 3234 Adest
465 3173 563 3232 etiam
585 3171 621 3235 iu
644 3176 768 3234 Museo
792 3172 954 3230 Caesareo
988 3174 1176 3236 monstrosi·

223 3283 271 3330 tas
294 3272 442 3334 Taeniae
463 3272 613 3336 maxime
637 3271 822 3356 singularis,
845 3271 1068 3334 articulorum
1094 3298 1176 3337 nern-

221 3392 266 3451 pe
287 3374 471 3453 duplicitas
488 3387 584 3435 antea
607 3398 677 3436 non
703 3379 886 3436 observata.
930 3371 1035 3438 Alter
1066 3381 1174 3439 articu·

219 3472 332 3533 lorum
354 3495 468 3557 margo
499 3476 643 3537 lateralis
674 3478 815 3559 simplex
845 3490 895 3538 est
933 3479 1034 3540 brevi
1065 3496 1172 3542 autem

216 3571 253 3631 in
277 3576 364 3635 duos
384 3577 551 3649 articulos,
575 3578 637 3639 sibi
661 3579 894 3647 incumbentes
919 3578 997 3652 abit,
1019 3602 1169 3662 quorum

214 3674 383 3755 margines
412 3681 563 3743 laterales
597 3681 663 3759 (illi
701 3681 841 3762 simplici
877 3681 1041 3763 oppositi)
1073 3680 1168 3745 liberi

214 3790 304 3834 sunt.
347 3775 495 3841 Articuli
517 3780 589 3842 bini
619 3783 683 3843 sibi
711 3784 859 3863 impositi
881 3800 1028 3846 ‚eatenus
1061 3784 1166 3845 minus

212 3876 303 3942 bene
325 3876 390 3941 dici
410 3898 568 3964 possunt,
601 3883 679 3966 quia
708 3885 858 3968 margine
886 3889 994 3952 altero
1022 3883 1163 3970 simplici
