2452 4478
531 255 812 330 -sso-

194 424 325 492 septem
343 409 554 479 dentatum..·
551 413 677 479 Porus
704 418 768 490 pro
784 403 885 473 'varic
914 407 1068 489 capitis
1053 421 1152 471 motu

193 535 276 577 mox
299 511 462 591 inferus,
461 532 544 573 mox
564 509 764 585 terminalis,
791 509 1092 593 crucibulilorrnis,
1117 525 1152 575 et

191 614 300 676 fasciis
313 616 418 695 quasi
450 617 534 675 cutis
556 600 759 675 firmioribus
791 612 1039 701 circumdatum
1057 614 1148 709 patio

190 738 275 793 mox
299 714 549 789 semicirculari,
571 736 653 799 mox
675 717 845 797 angulato.
891 715 1015 795 Corpus
1033 731 1148 819 puste-

189 819 280 880 riora
302 837 420 881 versus
440 819 721 892 subaltenuatum,
744 820 866 900 passim
889 822 946 883 sed
960 806 1057 881 baud
1068 840 1148 881 con

189 934 315 982 stanter
337 932 554 994 contractum,
577 918 669 1003 apice
689 926 821 1004 postica
843 922 900 985 'vel
922 920 1148 1005 emarginato,

188 1022 244 1083 vel
268 1033 435 1084 attenuato
459 1035 494 1086 et
505 1024 674 1107 elongato,
693 1027 751 1088 vel
762 1022 1046 1107 appendiculam
1046 1023 1144 1087 ovali

186 1137 245 1186 aut
266 1126 442 1187 subovato.

297 1245 426 1305 Ovaria
446 1256 567 1325 magna
587 1236 676 1304 llava
695 1198 861 1326 lateralia,
889 1245 1013 1327 passim
1024 1242 1143 1327 ,etiam

183 1343 312 1427 postice
328 1341 558 1410 luscescentia.

382 1561 642 1650 Species
690 1566 968 1634 dubiae.'

205 1838 208 1843 Ι
232 1773 290 1851 27.
314 1763 550 1841 Monostcma
575 1758 732 1830 Venelli.

286 1904 358 1969 Am
391 1909 553 1970 Baausaa
574 1908 747 1990 specimen
768 1904 861 1967 rnIsit
881 1902 976 1986 quod
994 1911 1134 1991 Tringae

183 2008 477 2093 Venellipulmoni
494 2012 589 2099 extus
607 2008 813 2085 adhaeserat,
836 2009 996 2086 albidum,
1019 2028 1081 2075 sex
1094 2012 1130 2073 li-

179 2133 258 2174 neas
281 2116 435 2194 longum,
457 2113 538 2174 duas
561 2105 672 2175 tertias
692 2110 804 2175 lineae
826 2124 933 2192 'partes
948 2113 1128 2178 latitudine

177 2218 353 2288 excedens,
377 2214 643 2278 crassiusculum.

281 2336 410 2414 'Corpus
437 2335 646 2412 depressum,
676 2330 824 2410 lineare,
862 2330 956 2412 apice
978 2344 1125 2412 utroque

174 2440 305 2499 obtuso.
349 2438 455 2498 Porus
479 2434 611 2497 alterius
632 2434 733 2516 apicis
761 2435 921 2515 exignus,
949 2432 1011 2494 vix
1033 2453 1122 2495 nota·

173 2538 261 2602 bilis.
306 2540 398 2600 Vasa
420 2540 487 2598 duo
515 2553 604 2599 recta
632 2536 778 2618 corporis
806 2534 1060 2617 longitudinem
1080 2552 1122 2598 te·

171 2655 271 2712 nent;
304 2642 368 2704 alia
390 2643 498 2704 adhuc
524 2640 561 2701 in
585 2643 678 2724 apice
709 2641 824 2703 adesse
850 2640 1029 2713 videntur,
1060 2640 1120 2702 sed

170 2744 325 2811 obscure.

257 2863 336 2926 Obs.
355 2864 481 2944 Magna
503 2874 592 2924 certe
621 2860 762 2922 ‘affinitas
790 2859 883 2922 adest
905 2879 982 2919 cum
1006 2859 1118 2921 Disto-

166 2979 253 3026 mate
276 2966 395 3028 lineari
418 2987 452 3027 n.
491 2975 521 3035 8.
553 2963 587 3023 in
611 2960 773 3023 intestinis
801 2960 945 3043 Tringae
974 2960 1116 3023 Vanelli

167 3067 289 3157 obuio,
314 3086 349 3128 ut
372 3060 567 3150 pulmonale
596 3066 709 3126 forsan
740 3068 883 3127 crassitie
913 3064 1116 3145 (specimini-

165 3168 228 3228 bus
249 3169 440 3250 majoribus)
458 3166 667 3250 potissimum
700 3161 836 3229 differat.
883 3170 927 3228 In
951 3169 1113 3248 Cataloge

161 3268 355 3336 Viennensi
378 3286 487 3335 tamen
510 3286 570 3353 pro
594 3268 705 3352 'specie
727 3263 891 3353 peculiari
913 3270 1071 3337 habetur·

211 3443 270 3514 50.
295 3436 533 3503 Monostoma
557 3426 694 3500 Mulae.

270 3572 517 3656 Orthragorisci
538 3576 661 3656 Mulae,
683 3587 790 3657 quem
809 3573 894 3637 Julii
914 3575 948 3638 d.
973 3575 1028 3638 26.
1046 3573 1113 3636 Ne·

159 3673 248 3753 apoli
272 3698 440 3741 mortuum
471 3701 680 3760 acceperam,
707 3681 851 3740 musculi
884 3676 953 3739 cuti
985 3671 1113 3737 dorsali

158 3779 321 3853 substrati,
343 3798 420 3861 post
440 3783 580 3846 biduum
602 3781 791 3862 examinati,
814 3794 960 3848 entozoa
978 3780 1109 3845 obtule*

152 3891 235 3944 ¹cunt
257 3898 399 3964 mortua,
423 3894 525 3954 valae
548 3881 742 3970 singularia.
