2408 4478
411 232 797 324 -263-.'

57 313 81 358 ο

171 394 250 458 Obs.
290 411 322 477 4.
366 397 567 481 strongylus
600 399 758 464 horridus
790 397 827 463 in
864 405 1024 488 Catalogo
1099 488 1101 491 ι

50 496 353 561 Viennensibus
383 503 506 564 relatus
536 501 731 585 Spiroptera
759 504 857 566 nobis
887 508 1025 572 videtur

54 601 152 663 conf.
178 601 321 683 Synops.
341 624 377 672 n.
401 619 453 681 35.

115 741 151 816 7.
180 729 401 821 strongylus
428 725 598 798 filioollis
624 737 670 800 R.

171 840 254 900 Am.
282 841 433 900 Nrrzsca
464 842 650 922 specimina
679 844 853 924 complura
883 843 1023 908 ininte-

56 937 161 1001 stinis
187 943 289 1003 Cervi
302 941 454 1024 Capreoli
475 944 635 1007 tenuibus
658 946 779 1029 hyeme
805 967 876 1009 ase
891 964 1023 1027 reperta

54 1041 162 1114 misit,
185 1044 353 1119 feminea,
378 1044 534 1106 omnibus
555 1046 644 1108 notis
669 1070 744 1108 cum
770 1048 837 1109 illis
860 1046 1023 1128 conveni·
1074 1122 1076 1131 Ι

56 1143 165 1223 entia,
191 1168 277 1226 quae
302 1147 375 1228 ipse
396 1148 432 1209 in
451 1150 578 1212 onibus
596 1150 718 1231 reperi.
819 1137 824 1149 ⁸

113 1287 149 1357 9.
173 1265 391 1365 strongylus
418 1276 665 1369 hypostomus
692 1264 789 1345 un.
815 1298 868 1367 sp.

174 1382 256 1446 Am.
282 1386 443 1448 Bnnsssaa
472 1389 670 1470 strongylus
700 1387 888 1467 complures
914 1381 950 1444 in
974 1381 1022 1444 in·

57 1481 186 1545 testino
208 1507 312 1550 coeco
338 1484 507 1571 Atr'tilopes
521 1494 734 1572 Rupicaproe
754 1501 906 1569 repertos
932 1485 1022 1548 misit

57 1587 176 1660 albm,
206 1588 358 1670 quinque
386 1614 462 1652 cum
491 1594 629 1654 dimidia
660 1595 700 1652 ad
723 1611 853 1653 novem
876 1611 952 1650 curn
977 1589 1022 1648 di·

57 1688 169 1748 midia
190 1690 294 1752 lineas
306 1695 441 1777 longos,
464 1711 589 1758 tenues
608 1694 756 1775 quidem,
780 1691 881 1753 simul
905 1705 1022 1753 autem

57 1789 241 1873 rigidulos.
350 1857 352 1862 ,

177 1894 289 1976 Caput
328 1898 588 1980 subglobosum,
622 1898 776 1981 gibbum,
811 1895 886 1958 sive
925 1906 1022 1976 parte

56 1995 200 2057 nuchali
225 2013 393 2073 exstante3
415 2026 469 2065 ore
491 2000 672 2063 orbiculari
684 2004 803 2083 partim
820 2001 930 2062 antico
953 2017 1021 2078 par·

58 2097 124 2157 tim
147 2097 274 2175 infero,
303 2100 539 2186 integerrimo,
562 2106 669 2167 nudo.
716 2101 837 2185 Corpus
859 2098 1021 2180 utrinque

56 2220 181 2280 parum
204 2217 423 2268 attenuatum.
479 2208 596 2271 Gauda
622 2202 771 2296 feminae
801 2202 895 2284 apice
921 2202 1022 2265 brevi
1084 2192 1087 2209 '

59 2319 162 2362 acuto
199 2303 373 2381 instructa,
409 2309 467 2390 qui
497 2311 533 2372 in
568 2305 745 2372 nonnullis
768 2305 1021 2387 speciminibus,

58 2427 210 2485 quorum
232 2408 316 2470 cutis
349 2412 439 2474 laesa
468 2411 548 2486 fuit,
574 2414 722 2476 reflexus
754 2422 788 2471 et
810 2407 1020 2470 acutissimus

58 2507 159 2569 visus
183 2525 241 2572 est.
285 2515 394 2576 Bursa
414 2519 513 2578 maris
541 2517 702 2577 deorsum
725 2526 913 2592 angustata,
936 2524 1022 2574 cete-

57 2633 139 2674 rum
162 2627 318 2689 truncata,
339 2616 474 2691 radiata,
497 2612 773 2698 patellaeformis3
788 2615 937 2694 genitali
958 2634 1021 2674 ma·

56 2716 153 2779 sculo
177 2716 253 2777 satis
277 2719 392 2800 longo,
415 2719 612 2802 latiusculo,
635 2719 771 2781 lamella
793 2713 921 2796 duplici
942 2735 1020 2776 con-

55 2833 148 2882 stare
171 2837 258 2882 visu.

173 2923 252 2985 Obs⁴
269 2921 392 3005 Capitis
415 2921 519 2998 bulla,
549 2919 657 3003 qualis
678 2920 857 3002 Strongylo
882 2930 1020 2992 armato,

54 3023 143 3087 huic
165 3025 285 3105 speciei
308 3028 434 3106 pariter
459 3043 617 3086 concessa
639 3023 792 3095 videtur,
823 3023 884 3083 sed
916 3006 1021 3084 denti·

54 3148 121 3188 um
144 3126 325 3208 vestigium
347 3126 383 3187 in
405 3128 503 3189 nullo
527 3123 713 3206 specimine
735 3123 894 3187 invenire
914 3125 1021 3185 licuit.

55 3227 221 3292 Genitale
244 3230 431 3290 masculum
453 3247 590 3309 prorsus
620 3226 804 3309 singulare3
833 3249 876 3290 an
903 3225 1022 3288 lamel·
1057 3308 1059 3315 Α

52 3334 110 3395 lae
133 3332 169 3391 in
194 3333 326 3392 duobus
351 3329 592 3413 speciminibus
608 3331 760 3390 masculis
781 3350 916 3393 mecum
934 3347 1021 3390 com-

50 3433 237 3498 municatis
262 3435 386 3498 eodem
409 3434 513 3495 modo
536 3449 746 3516 comparatae
771 3430 928 3516 vaginam
952 3440 1020 3490 tan-

50 3552 131 3600 tum
153 3540 248 3618 penis
270 3535 411 3599 sistunt?
952 3536 957 3544 ’

112 3670 170 3745 ¹4·
197 3665 420 3757 strongylus
447 3661 648 3734 denudatus
674 3669 719 3734 R.
744 3685 780 3731 n.
805 3649 865 3761 sp7'

163 3791 315 3874 Aliquot
336 3792 521 3874 specimina
551 3792 589 3854 in
615 3791 754 3854 Colubri
773 3791 927 3854 tesselati
948 3791 1020 3872 pul·

50 3893 218 3960 monibus
240 3911 372 3980 reperta
395 3899 583 3962 Bremserus
608 3895 715 3969 misit,
743 3893 911 3973 leminea,
935 3910 1022 3974 quae
