<?xml version="1.0" encoding="UTF-8"?>
<!DOCTYPE html PUBLIC "-//W3C//DTD XHTML 1.0 Transitional//EN"
    "http://www.w3.org/TR/xhtml1/DTD/xhtml1-transitional.dtd">
<html xmlns="http://www.w3.org/1999/xhtml" xml:lang="en" lang="en">
 <head>
  <title>
</title>
<meta http-equiv="Content-Type" content="text/html;charset=utf-8" />
  <meta name='ocr-system' content='tesseract 3.04.00' />
  <meta name='ocr-capabilities' content='ocr_page ocr_carea ocr_par ocr_line ocrx_word'/>
</head>
<body>
  <div class='ocr_page' id='page_1' title='image "./entozoorumsynop00rudogoog/entozoorumsynop00rudogoog_0266.png"; bbox 0 0 2452 4478; ppageno 0'>
   <div class='ocr_carea' id='block_1_1' title="bbox 436 270 725 364">
    <p class='ocr_par' dir='ltr' id='par_1_1' title="bbox 436 270 725 364">
     <span class='ocr_line' id='line_1_1' title="bbox 436 270 725 364; baseline 0.007 -2"><span class='ocrx_word' id='word_1_1' title='bbox 436 270 725 364; x_wconf 53' lang='lat' dir='ltr'>mss-</span> 
     </span>
    </p>
   </div>
   <div class='ocr_carea' id='block_1_2' title="bbox 118 437 1127 1853">
    <p class='ocr_par' dir='ltr' id='par_1_2' title="bbox 118 437 1127 1345">
     <span class='ocr_line' id='line_1_2' title="bbox 118 437 1067 528; baseline -0.017 -14"><span class='ocrx_word' id='word_1_2' title='bbox 118 449 196 515; x_wconf 76' lang='lat' dir='ltr'>reda</span> <span class='ocrx_word' id='word_1_3' title='bbox 219 440 354 528; x_wconf 82' lang='lat' dir='ltr'>apicem</span> <span class='ocrx_word' id='word_1_4' title='bbox 375 437 752 525; x_wconf 83' lang='lat' dir='ltr'>longiorem,&#39;tenuem</span> <span class='ocrx_word' id='word_1_5' title='bbox 774 439 914 523; x_wconf 80' lang='lat' dir='ltr'>quidem</span> <span class='ocrx_word' id='word_1_6' title='bbox 929 446 970 507; x_wconf 73' lang='grc' dir='ltr'>αι’</span> <span class='ocrx_word' id='word_1_7' title='bbox 984 463 1067 527; x_wconf 83' lang='lat' dir='ltr'>opa.</span> 
     </span>
     <span class='ocr_line' id='line_1_3' title="bbox 118 540 1105 641; baseline -0.001 -31"><span class='ocrx_word' id='word_1_8' title='bbox 118 572 184 626; x_wconf 79' lang='lat' dir='ltr'>um,</span> <span class='ocrx_word' id='word_1_9' title='bbox 218 546 259 610; x_wconf 89' lang='lat' dir='ltr'>ni</span> <span class='ocrx_word' id='word_1_10' title='bbox 280 547 391 621; x_wconf 87' lang='lat' dir='ltr'>fallor,</span> <span class='ocrx_word' id='word_1_11' title='bbox 416 549 580 609; x_wconf 85' lang='lat' dir='ltr'>obtusum</span> <span class='ocrx_word' id='word_1_12' title='bbox 603 546 722 618; x_wconf 79' lang='lat' dir='ltr'>habet3</span> <span class='ocrx_word' id='word_1_13' title='bbox 767 540 846 608; x_wconf 78' lang='lat' dir='ltr'>casu</span> <span class='ocrx_word' id='word_1_14' title='bbox 870 544 965 607; x_wconf 91' lang='lat' dir='ltr'>euim</span> <span class='ocrx_word' id='word_1_15' title='bbox 987 567 1105 641; x_wconf 31' lang='lat' dir='ltr'>meet</span> 
     </span>
     <span class='ocr_line' id='line_1_4' title="bbox 118 647 1069 736; baseline -0.006 -17"><span class='ocrx_word' id='word_1_16' title='bbox 118 650 343 736; x_wconf 85' lang='lat' dir='ltr'>uspecimine</span> <span class='ocrx_word' id='word_1_17' title='bbox 366 663 538 726; x_wconf 83' lang='lat' dir='ltr'>truncatus</span> <span class='ocrx_word' id='word_1_18' title='bbox 563 648 711 721; x_wconf 86' lang='lat' dir='ltr'>videtur,</span> <span class='ocrx_word' id='word_1_19' title='bbox 758 647 818 709; x_wconf 92' lang='lat' dir='ltr'>sed</span> <span class='ocrx_word' id='word_1_20' title='bbox 840 667 916 736; x_wconf 85' lang='lat' dir='ltr'>pars</span> <span class='ocrx_word' id='word_1_21' title='bbox 943 657 1069 731; x_wconf 85' lang='lat' dir='ltr'>app&#39;en-</span> 
     </span>
     <span class='ocr_line' id='line_1_5' title="bbox 118 746 1072 830; baseline -0.007 -8"><span class='ocrx_word' id='word_1_22' title='bbox 118 759 181 822; x_wconf 87' lang='lat' dir='ltr'>lens</span> <span class='ocrx_word' id='word_1_23' title='bbox 203 756 326 816; x_wconf 86' lang='lat' dir='ltr'>obtusa</span> <span class='ocrx_word' id='word_1_24' title='bbox 348 765 410 818; x_wconf 89' lang='lat' dir='ltr'>est</span> <span class='ocrx_word' id='word_1_25' title='bbox 452 750 513 815; x_wconf 90' lang='lat' dir='ltr'>Ad</span> <span class='ocrx_word' id='word_1_26' title='bbox 536 751 632 811; x_wconf 83' lang='lat' dir='ltr'>basin</span> <span class='ocrx_word' id='word_1_27' title='bbox 671 746 774 830; x_wconf 87' lang='lat' dir='ltr'>apicis</span> <span class='ocrx_word' id='word_1_28' title='bbox 815 750 874 811; x_wconf 82' lang='lat' dir='ltr'>ala&#39;</span> <span class='ocrx_word' id='word_1_29' title='bbox 900 754 1010 811; x_wconf 90' lang='lat' dir='ltr'>tenuis</span> <span class='ocrx_word' id='word_1_30' title='bbox 1036 765 1072 816; x_wconf 90' lang='lat' dir='ltr'>et</span> 
     </span>
     <span class='ocr_line' id='line_1_6' title="bbox 118 848 1070 939; baseline -0.007 -16"><span class='ocrx_word' id='word_1_31' title='bbox 118 854 302 925; x_wconf 66' lang='lat' dir='ltr'>Brevissima</span> <span class='ocrx_word' id='word_1_32' title='bbox 324 875 404 917; x_wconf 88' lang='lat' dir='ltr'>cum</span> <span class='ocrx_word' id='word_1_33' title='bbox 427 853 543 917; x_wconf 73' lang='lat' dir='ltr'>subulo</span> <span class='ocrx_word' id='word_1_34' title='bbox 566 851 682 932; x_wconf 82' lang='lat' dir='ltr'>medio</span> <span class='ocrx_word' id='word_1_35' title='bbox 706 854 831 935; x_wconf 82' lang='lat' dir='ltr'>exiguo</span> <span class='ocrx_word' id='word_1_36' title='bbox 854 848 968 939; x_wconf 85' lang='lat' dir='ltr'>tereti,</span> <span class='ocrx_word' id='word_1_37' title='bbox 1003 853 1070 916; x_wconf 88' lang='lat' dir='ltr'>for</span> 
     </span>
     <span class='ocr_line' id='line_1_7' title="bbox 118 934 1074 1044; baseline -0.009 -17"><span class='ocrx_word' id='word_1_38' title='bbox 118 981 164 1027; x_wconf 83' lang='grc' dir='ltr'>ιιιι</span> <span class='ocrx_word' id='word_1_39' title='bbox 181 960 308 1044; x_wconf 83' lang='lat' dir='ltr'>vagina</span> <span class='ocrx_word' id='word_1_40' title='bbox 328 957 439 1043; x_wconf 89' lang='lat' dir='ltr'>penis.</span> <span class='ocrx_word' id='word_1_41' title='bbox 487 956 596 1020; x_wconf 82' lang='lat' dir='ltr'>Ovula</span> <span class='ocrx_word' id='word_1_42' title='bbox 619 955 773 1016; x_wconf 86' lang='lat' dir='ltr'>distincta</span> <span class='ocrx_word' id='word_1_43' title='bbox 805 975 877 1040; x_wconf 82' lang='lat' dir='ltr'>uon</span> <span class='ocrx_word' id='word_1_44' title='bbox 900 952 985 1030; x_wconf 87' lang='lat' dir='ltr'>vidi,</span> <span class='ocrx_word' id='word_1_45' title='bbox 1009 934 1074 1020; x_wconf 71' lang='lat' dir='ltr'>seri</span> 
     </span>
     <span class='ocr_line' id='line_1_8' title="bbox 118 1060 1127 1129; baseline -0.01 0"><span class='ocrx_word' id='word_1_46' title='bbox 118 1062 191 1129; x_wconf 83' lang='lat' dir='ltr'>circa</span> <span class='ocrx_word' id='word_1_47' title='bbox 212 1068 335 1127; x_wconf 91' lang='lat' dir='ltr'>tubum</span> <span class='ocrx_word' id='word_1_48' title='bbox 357 1060 586 1126; x_wconf 86' lang='lat' dir='ltr'>intestiualern</span> <span class='ocrx_word' id='word_1_49' title='bbox 607 1071 747 1121; x_wconf 89' lang='lat' dir='ltr'>tenuem</span> <span class='ocrx_word' id='word_1_50' title='bbox 767 1071 802 1119; x_wconf 90' lang='lat' dir='ltr'>et</span> <span class='ocrx_word' id='word_1_51' title='bbox 823 1071 953 1122; x_wconf 87' lang='lat' dir='ltr'>rectum</span> <span class='ocrx_word' id='word_1_52' title='bbox 966 1079 1073 1122; x_wconf 88' lang='lat' dir='ltr'>mem·</span> <span class='ocrx_word' id='word_1_53' title='bbox 1122 1097 1127 1106; x_wconf 88' lang='lat'>·</span> 
     </span>
     <span class='ocr_line' id='line_1_9' title="bbox 119 1162 1074 1244; baseline -0.006 -11"><span class='ocrx_word' id='word_1_54' title='bbox 119 1168 282 1233; x_wconf 76' lang='lat' dir='ltr'>iranulam</span> <span class='ocrx_word' id='word_1_55' title='bbox 303 1165 445 1232; x_wconf 83' lang='lat' dir='ltr'>tenuem</span> <span class='ocrx_word' id='word_1_56' title='bbox 466 1177 499 1228; x_wconf 91' lang='lat' dir='ltr'>et</span> <span class='ocrx_word' id='word_1_57' title='bbox 519 1167 716 1244; x_wconf 84' lang='lat' dir='ltr'>punctatam</span> <span class='ocrx_word' id='word_1_58' title='bbox 733 1173 864 1224; x_wconf 88' lang='lat' dir='ltr'>tantum</span> <span class='ocrx_word' id='word_1_59' title='bbox 888 1162 1074 1227; x_wconf 77' lang='lat' dir='ltr'>observare</span> 
     </span>
     <span class='ocr_line' id='line_1_10' title="bbox 122 1269 1065 1345; baseline -0.01 -8"><span class='ocrx_word' id='word_1_60' title='bbox 122 1269 212 1337; x_wconf 81' lang='lat' dir='ltr'>licuit.</span> <span class='ocrx_word' id='word_1_61' title='bbox 469 1334 472 1339; x_wconf 78' lang='grc'><strong>,</strong></span> <span class='ocrx_word' id='word_1_62' title='bbox 1061 1338 1065 1345; x_wconf 51' lang='grc'><strong>,</strong></span> 
     </span>
    </p>

    <p class='ocr_par' dir='ltr' id='par_1_3' title="bbox 124 1352 1076 1849">
     <span class='ocr_line' id='line_1_11' title="bbox 212 1352 1074 1456; baseline -0.009 -17"><span class='ocrx_word' id='word_1_63' title='bbox 212 1364 299 1440; x_wconf 81' lang='lat' dir='ltr'>obs.</span> <span class='ocrx_word' id='word_1_64' title='bbox 331 1352 517 1434; x_wconf 73' lang='lat' dir='ltr'>Eniozoou</span> <span class='ocrx_word' id='word_1_65' title='bbox 550 1354 757 1450; x_wconf 76' lang='lat' dir='ltr'>descriptum</span> <span class='ocrx_word' id='word_1_66' title='bbox 793 1361 838 1430; x_wconf 84' lang='lat' dir='ltr'>ad</span> <span class='ocrx_word' id='word_1_67' title='bbox 870 1364 947 1456; x_wconf 68' lang='lat' dir='ltr'>hoc¹</span> <span class='ocrx_word' id='word_1_68' title='bbox 965 1362 1074 1451; x_wconf 73' lang='lat' dir='ltr'>gemti</span> 
     </span>
     <span class='ocr_line' id='line_1_12' title="bbox 124 1455 1074 1559; baseline -0.007 -16"><span class='ocrx_word' id='word_1_69' title='bbox 124 1476 236 1543; x_wconf 79' lang='lat' dir='ltr'>tafcrre</span> <span class='ocrx_word' id='word_1_70' title='bbox 258 1495 373 1558; x_wconf 83' lang='lat' dir='ltr'>cogor,</span> <span class='ocrx_word' id='word_1_71' title='bbox 397 1489 430 1537; x_wconf 92' lang='lat' dir='ltr'>et</span> <span class='ocrx_word' id='word_1_72' title='bbox 451 1474 664 1534; x_wconf 71' lang='lat' dir='ltr'>Brrusrauu</span> <span class='ocrx_word' id='word_1_73' title='bbox 684 1469 930 1559; x_wconf 84' lang='lat' dir='ltr'>adsentientem</span> <span class='ocrx_word' id='word_1_74' title='bbox 941 1455 1074 1536; x_wconf 90' lang='lat' dir='ltr'>inveni.</span> 
     </span>
     <span class='ocr_line' id='line_1_13' title="bbox 126 1560 1076 1660; baseline -0.005 -17"><span class='ocrx_word' id='word_1_75' title='bbox 126 1578 239 1643; x_wconf 75' lang='lat' dir='ltr'>Forsan</span> <span class='ocrx_word' id='word_1_76' title='bbox 261 1560 298 1641; x_wconf 84' lang='lat' dir='ltr'>in</span> <span class='ocrx_word' id='word_1_77' title='bbox 323 1597 426 1660; x_wconf 77' lang='lat' dir='ltr'>opere</span> <span class='ocrx_word' id='word_1_78' title='bbox 448 1577 543 1658; x_wconf 93' lang='lat' dir='ltr'>quod</span> <span class='ocrx_word' id='word_1_79' title='bbox 564 1577 606 1637; x_wconf 86' lang='lat' dir='ltr'>de</span> <span class='ocrx_word' id='word_1_80' title='bbox 632 1572 787 1638; x_wconf 82' lang='lat' dir='ltr'>entozois</span> <span class='ocrx_word' id='word_1_81' title='bbox 821 1575 980 1639; x_wconf 87' lang='lat' dir='ltr'>humanis</span> <span class='ocrx_word' id='word_1_82' title='bbox 1001 1582 1076 1639; x_wconf 83' lang='lat' dir='ltr'>mo-</span> 
     </span>
     <span class='ocr_line' id='line_1_14' title="bbox 126 1676 1076 1768; baseline -0.003 -23"><span class='ocrx_word' id='word_1_83' title='bbox 126 1680 190 1745; x_wconf 84' lang='lat' dir='ltr'>litur</span> <span class='ocrx_word' id='word_1_84' title='bbox 210 1680 367 1768; x_wconf 85' lang='lat' dir='ltr'>egregio,</span> <span class='ocrx_word' id='word_1_85' title='bbox 392 1680 435 1742; x_wconf 89' lang='lat' dir='ltr'>de</span> <span class='ocrx_word' id='word_1_86' title='bbox 458 1676 702 1760; x_wconf 84' lang='lat' dir='ltr'>speciminibus</span> <span class='ocrx_word' id='word_1_87' title='bbox 725 1697 745 1738; x_wconf 89' lang='lat' dir='ltr'>a</span> <span class='ocrx_word' id='word_1_88' title='bbox 767 1698 823 1742; x_wconf 91' lang='lat' dir='ltr'>me</span> <span class='ocrx_word' id='word_1_89' title='bbox 838 1678 904 1741; x_wconf 85' lang='lat' dir='ltr'>sibi</span> <span class='ocrx_word' id='word_1_90' title='bbox 927 1700 1076 1759; x_wconf 69' lang='lat' dir='ltr'>commn3</span> 
     </span>
     <span class='ocr_line' id='line_1_15' title="bbox 130 1780 862 1853; baseline -0.008 -3"><span class='ocrx_word' id='word_1_91' title='bbox 130 1782 226 1849; x_wconf 73' lang='lat' dir='ltr'>aiutis</span> <span class='ocrx_word' id='word_1_92' title='bbox 245 1784 400 1853; x_wconf 83' lang='lat' dir='ltr'>meliora</span> <span class='ocrx_word' id='word_1_93' title='bbox 413 1781 575 1844; x_wconf 84' lang='lat' dir='ltr'>tradendo</span> <span class='ocrx_word' id='word_1_94' title='bbox 596 1801 672 1844; x_wconf 90' lang='lat' dir='ltr'>rem</span> <span class='ocrx_word' id='word_1_95' title='bbox 693 1780 862 1847; x_wconf 85' lang='lat' dir='ltr'>conficiet.</span> 
     </span>
    </p>
   </div>
   <div class='ocr_carea' id='block_1_3' title="bbox 168 1921 1080 2215">
    <p class='ocr_par' dir='ltr' id='par_1_4' title="bbox 168 1921 1080 2215">
     <span class='ocr_line' id='line_1_16' title="bbox 168 1921 639 2022; baseline 0 -28"><span class='ocrx_word' id='word_1_96' title='bbox 168 1935 224 2012; x_wconf 73' lang='lat'>24</span> <span class='ocrx_word' id='word_1_97' title='bbox 252 1928 466 2022; x_wconf 82' lang='lat' dir='ltr'>Spiroptera</span> <span class='ocrx_word' id='word_1_98' title='bbox 493 1921 639 1995; x_wconf 79' lang='lat' dir='ltr'>Simiae</span> 
     </span>
     <span class='ocr_line' id='line_1_17' title="bbox 217 2012 992 2118; baseline -0.003 -15"><span class='ocrx_word' id='word_1_99' title='bbox 217 2041 299 2104; x_wconf 90' lang='lat' dir='ltr'>Eut</span> <span class='ocrx_word' id='word_1_100' title='bbox 321 2041 481 2118; x_wconf 85' lang='lat' dir='ltr'>Il.1.p</span> <span class='ocrx_word' id='word_1_101' title='bbox 507 2038 559 2116; x_wconf 83' lang='lat'>67.</span> <span class='ocrx_word' id='word_1_102' title='bbox 582 2058 617 2102; x_wconf 92' lang='grc' dir='ltr'>ιι</span> <span class='ocrx_word' id='word_1_103' title='bbox 643 2052 692 2100; x_wconf 79' lang='lat'>12.</span> <span class='ocrx_word' id='word_1_104' title='bbox 716 2012 848 2103; x_wconf 84' lang='lat' dir='ltr'>Filaria</span> <span class='ocrx_word' id='word_1_105' title='bbox 862 2014 992 2102; x_wconf 83' lang='lat' dir='ltr'>alata.</span> 
     </span>
     <span class='ocr_line' id='line_1_18' title="bbox 216 2119 1080 2215; baseline -0.003 -7"><span class='ocrx_word' id='word_1_106' title='bbox 216 2147 317 2208; x_wconf 84' lang='lat' dir='ltr'>Inter</span> <span class='ocrx_word' id='word_1_107' title='bbox 354 2143 479 2205; x_wconf 79' lang='lat' dir='ltr'>Simiae</span> <span class='ocrx_word' id='word_1_108' title='bbox 517 2119 707 2204; x_wconf 78' lang='grc' dir='ltr'>Μαίηιοηίι.</span> <span class='ocrx_word' id='word_1_109' title='bbox 731 2142 861 2205; x_wconf 88' lang='lat' dir='ltr'>tunicas</span> <span class='ocrx_word' id='word_1_110' title='bbox 897 2119 1080 2215; x_wconf 75' lang='lat' dir='ltr'>ventriculi</span> 
     </span>
    </p>
   </div>
   <div class='ocr_carea' id='block_1_4' title="bbox 131 2218 1188 2337">
    <p class='ocr_par' dir='ltr' id='par_1_5' title="bbox 131 2218 1188 2337">
     <span class='ocr_line' id='line_1_19' title="bbox 131 2218 1188 2337; baseline 0.001 -32"><span class='ocrx_word' id='word_1_111' title='bbox 131 2245 238 2309; x_wconf 82' lang='lat' dir='ltr'>tham</span> <span class='ocrx_word' id='word_1_112' title='bbox 283 2241 421 2308; x_wconf 72' lang='lat' dir='ltr'>Aureus</span> <span class='ocrx_word' id='word_1_113' title='bbox 446 2221 585 2304; x_wconf 81' lang='lat' dir='ltr'>Medico</span> <span class='ocrx_word' id='word_1_114' title='bbox 607 2245 784 2305; x_wconf 86' lang='lat' dir='ltr'>Bremensi</span> <span class='ocrx_word' id='word_1_115' title='bbox 815 2224 888 2308; x_wconf 88' lang='lat' dir='ltr'>Cel.</span> <span class='ocrx_word' id='word_1_116' title='bbox 909 2218 1082 2337; x_wconf 84' lang='lat' dir='ltr'>repertam</span> <span class='ocrx_word' id='word_1_117' title='bbox 1187 2303 1188 2306; x_wconf 74' lang='grc'>,</span> 
     </span>
    </p>
   </div>
   <div class='ocr_carea' id='block_1_5' title="bbox 119 2343 1082 2542">
    <p class='ocr_par' dir='ltr' id='par_1_6' title="bbox 119 2343 1081 2537">
     <span class='ocr_line' id='line_1_20' title="bbox 128 2343 1081 2432; baseline 0.001 -21"><span class='ocrx_word' id='word_1_118' title='bbox 128 2346 161 2411; x_wconf 78' lang='lat' dir='ltr'>ul</span> <span class='ocrx_word' id='word_1_119' title='bbox 178 2349 245 2411; x_wconf 82' lang='lat' dir='ltr'>hoc</span> <span class='ocrx_word' id='word_1_120' title='bbox 267 2370 375 2432; x_wconf 85' lang='lat' dir='ltr'>genus</span> <span class='ocrx_word' id='word_1_121' title='bbox 397 2343 564 2430; x_wconf 87' lang='lat' dir='ltr'>pertinere</span> <span class='ocrx_word' id='word_1_122' title='bbox 586 2346 722 2407; x_wconf 90' lang='lat' dir='ltr'>nullum</span> <span class='ocrx_word' id='word_1_123' title='bbox 741 2360 794 2409; x_wconf 86' lang='lat' dir='ltr'>est</span> <span class='ocrx_word' id='word_1_124' title='bbox 816 2347 971 2413; x_wconf 85' lang='lat' dir='ltr'>dubium.</span> <span class='ocrx_word' id='word_1_125' title='bbox 1011 2351 1081 2421; x_wconf 80' lang='lat' dir='ltr'>De·</span> 
     </span>
     <span class='ocr_line' id='line_1_21' title="bbox 119 2428 1082 2542; baseline -0.004 -25"><span class='ocrx_word' id='word_1_126' title='bbox 119 2450 288 2537; x_wconf 72' lang='lat' dir='ltr'>scriptioni</span> <span class='ocrx_word' id='word_1_127' title='bbox 305 2454 343 2512; x_wconf 86' lang='lat' dir='ltr'>irr</span> <span class='ocrx_word' id='word_1_128' title='bbox 364 2449 619 2532; x_wconf 80' lang='lat' dir='ltr'>Entozoologia</span> <span class='ocrx_word' id='word_1_129' title='bbox 642 2451 738 2512; x_wconf 88' lang='lat' dir='ltr'>datae</span> <span class='ocrx_word' id='word_1_130' title='bbox 759 2428 848 2513; x_wconf 84' lang='lat' dir='ltr'>niiril</span> <span class='ocrx_word' id='word_1_131' title='bbox 867 2452 991 2537; x_wconf 84' lang='lat' dir='ltr'>addere</span> <span class='ocrx_word' id='word_1_132' title='bbox 1006 2470 1082 2542; x_wconf 86' lang='lat' dir='ltr'>pos</span> 
     </span>
    </p>
   </div>
   <div class='ocr_carea' id='block_1_6' title="bbox 128 2531 1192 2642">
    <p class='ocr_par' dir='ltr' id='par_1_7' title="bbox 128 2531 1192 2642">
     <span class='ocr_line' id='line_1_22' title="bbox 128 2531 1192 2642; baseline 0.004 -29"><span class='ocrx_word' id='word_1_133' title='bbox 128 2568 203 2630; x_wconf 82' lang='lat' dir='ltr'>tum,</span> <span class='ocrx_word' id='word_1_134' title='bbox 224 2550 295 2616; x_wconf 87' lang='lat' dir='ltr'>nisi</span> <span class='ocrx_word' id='word_1_135' title='bbox 318 2572 356 2615; x_wconf 89' lang='lat' dir='ltr'>os</span> <span class='ocrx_word' id='word_1_136' title='bbox 379 2551 494 2635; x_wconf 88' lang='lat' dir='ltr'>capitis</span> <span class='ocrx_word' id='word_1_137' title='bbox 517 2551 687 2632; x_wconf 85' lang='lat' dir='ltr'>constricti</span> <span class='ocrx_word' id='word_1_138' title='bbox 721 2556 865 2623; x_wconf 85' lang='lat' dir='ltr'>omuino</span> <span class='ocrx_word' id='word_1_139' title='bbox 889 2531 1084 2642; x_wconf 77' lang='lat' dir='ltr'>orbiculare</span> <span class='ocrx_word' id='word_1_140' title='bbox 1189 2594 1192 2603; x_wconf 92' lang='lat'>·</span> 
     </span>
    </p>
   </div>
   <div class='ocr_carea' id='block_1_7' title="bbox 126 2635 1084 2843">
    <p class='ocr_par' dir='ltr' id='par_1_8' title="bbox 126 2635 1084 2843">
     <span class='ocr_line' id='line_1_23' title="bbox 126 2635 1084 2726; baseline 0.002 -8"><span class='ocrx_word' id='word_1_141' title='bbox 126 2654 241 2720; x_wconf 74' lang='lat' dir='ltr'>videri.</span> <span class='ocrx_word' id='word_1_142' title='bbox 306 2655 455 2718; x_wconf 78' lang='lat' dir='ltr'>Femina</span> <span class='ocrx_word' id='word_1_143' title='bbox 484 2670 636 2719; x_wconf 87' lang='lat' dir='ltr'>ceterum</span> <span class='ocrx_word' id='word_1_144' title='bbox 657 2652 742 2717; x_wconf 89' lang='lat' dir='ltr'>mihi</span> <span class='ocrx_word' id='word_1_145' title='bbox 766 2657 983 2723; x_wconf 84' lang='lat' dir='ltr'>solummodo</span> <span class='ocrx_word' id='word_1_146' title='bbox 1006 2635 1084 2726; x_wconf 71' lang='lat' dir='ltr'>visa</span> 
     </span>
     <span class='ocr_line' id='line_1_24' title="bbox 128 2757 931 2843; baseline 0.002 -21"><span class='ocrx_word' id='word_1_147' title='bbox 128 2757 246 2843; x_wconf 77' lang='lat' dir='ltr'>speciei</span> <span class='ocrx_word' id='word_1_148' title='bbox 266 2758 450 2821; x_wconf 82' lang='lat' dir='ltr'>firmandae</span> <span class='ocrx_word' id='word_1_149' title='bbox 474 2757 703 2822; x_wconf 84' lang='lat' dir='ltr'>characterem</span> <span class='ocrx_word' id='word_1_150' title='bbox 724 2778 798 2821; x_wconf 91' lang='lat' dir='ltr'>non</span> <span class='ocrx_word' id='word_1_151' title='bbox 820 2757 931 2830; x_wconf 73' lang='lat' dir='ltr'>offert.</span> 
     </span>
    </p>
   </div>
   <div class='ocr_carea' id='block_1_8' title="bbox 130 2900 1086 3203">
    <p class='ocr_par' dir='ltr' id='par_1_9' title="bbox 130 2900 1086 3200">
     <span class='ocr_line' id='line_1_25' title="bbox 172 2900 724 2996; baseline 0.006 -26"><span class='ocrx_word' id='word_1_152' title='bbox 172 2917 230 2994; x_wconf 78' lang='lat'>27</span> <span class='ocrx_word' id='word_1_153' title='bbox 258 2900 474 2996; x_wconf 85' lang='lat' dir='ltr'>Spiroptera</span> <span class='ocrx_word' id='word_1_154' title='bbox 499 2903 586 2972; x_wconf 85' lang='lat' dir='ltr'>Ursi</span> <span class='ocrx_word' id='word_1_155' title='bbox 611 2901 724 2973; x_wconf 81' lang='lat' dir='ltr'>Arcti</span> 
     </span>
     <span class='ocr_line' id='line_1_26' title="bbox 226 2999 1086 3096; baseline 0.006 -17"><span class='ocrx_word' id='word_1_156' title='bbox 226 3011 312 3079; x_wconf 80' lang='lat' dir='ltr'>Ant.</span> <span class='ocrx_word' id='word_1_157' title='bbox 342 3013 514 3079; x_wconf 68' lang='lat' dir='ltr'>tursum</span> <span class='ocrx_word' id='word_1_158' title='bbox 555 3015 702 3095; x_wconf 76' lang='lat' dir='ltr'>eutoz&#39;o&#39;a</span> <span class='ocrx_word' id='word_1_159' title='bbox 735 3026 880 3096; x_wconf 87' lang='lat' dir='ltr'>quatuor</span> <span class='ocrx_word' id='word_1_160' title='bbox 922 3012 960 3080; x_wconf 86' lang='lat' dir='ltr'>ln</span> <span class='ocrx_word' id='word_1_161' title='bbox 1005 2999 1086 3084; x_wconf 64' lang='lat' dir='ltr'>Ursi</span> 
     </span>
     <span class='ocr_line' id='line_1_27' title="bbox 130 3115 1086 3203; baseline 0.006 -22"><span class='ocrx_word' id='word_1_162' title='bbox 130 3115 218 3181; x_wconf 73' lang='lat' dir='ltr'>Arcti</span> <span class='ocrx_word' id='word_1_163' title='bbox 238 3117 434 3202; x_wconf 81' lang='lat' dir='ltr'>oesophago</span> <span class='ocrx_word' id='word_1_164' title='bbox 458 3130 588 3200; x_wconf 86' lang='lat' dir='ltr'>reperta</span> <span class='ocrx_word' id='word_1_165' title='bbox 612 3115 714 3192; x_wconf 84' lang='lat' dir='ltr'>misit,</span> <span class='ocrx_word' id='word_1_166' title='bbox 757 3117 936 3203; x_wconf 82' lang='lat' dir='ltr'>duodecim</span> <span class='ocrx_word' id='word_1_167' title='bbox 960 3123 1004 3185; x_wconf 92' lang='lat' dir='ltr'>ad</span> <span class='ocrx_word' id='word_1_168' title='bbox 1025 3145 1086 3188; x_wconf 86' lang='lat' dir='ltr'>no·</span> 
     </span>
    </p>
   </div>
   <div class='ocr_carea' id='block_1_9' title="bbox 134 3218 1087 3389">
    <p class='ocr_par' dir='ltr' id='par_1_10' title="bbox 134 3218 1087 3389">
     <span class='ocr_line' id='line_1_28' title="bbox 134 3218 1087 3342; baseline 0.007 -57"><span class='ocrx_word' id='word_1_169' title='bbox 134 3221 308 3286; x_wconf 78' lang='lat' dir='ltr'>rendooim</span> <span class='ocrx_word' id='word_1_170' title='bbox 328 3219 437 3286; x_wconf 85' lang='lat' dir='ltr'>lineas</span> <span class='ocrx_word' id='word_1_171' title='bbox 461 3224 576 3306; x_wconf 77' lang='lat' dir='ltr'>longa,</span> <span class='ocrx_word' id='word_1_172' title='bbox 595 3218 801 3342; x_wconf 84' lang='lat' dir='ltr'>tenuissima,</span> <span class='ocrx_word' id='word_1_173' title='bbox 824 3224 1008 3308; x_wconf 80' lang='lat' dir='ltr'>subgrisea,</span> <span class='ocrx_word' id='word_1_174' title='bbox 1027 3248 1087 3292; x_wconf 85' lang='lat' dir='ltr'>an·</span> 
     </span>
     <span class='ocr_line' id='line_1_29' title="bbox 134 3318 458 3389; baseline 0.012 -4"><span class='ocrx_word' id='word_1_175' title='bbox 134 3318 270 3387; x_wconf 77' lang='lat' dir='ltr'>trors&#39;um</span> <span class='ocrx_word' id='word_1_176' title='bbox 292 3324 458 3389; x_wconf 84' lang='lat' dir='ltr'>tenuiora.</span> 
     </span>
    </p>
   </div>
   <div class='ocr_carea' id='block_1_10' title="bbox 132 3428 1182 3516">
    <p class='ocr_par' dir='ltr' id='par_1_11' title="bbox 132 3428 1182 3516">
     <span class='ocr_line' id='line_1_30' title="bbox 132 3428 1182 3516; baseline 0.007 -23"><span class='ocrx_word' id='word_1_177' title='bbox 132 3486 136 3493; x_wconf 93' lang='lat'>.</span> <span class='ocrx_word' id='word_1_178' title='bbox 231 3428 348 3512; x_wconf 75' lang='lat' dir='ltr'>Gapuc</span> <span class='ocrx_word' id='word_1_179' title='bbox 369 3428 543 3512; x_wconf 83' lang='lat' dir='ltr'>exiguum,</span> <span class='ocrx_word' id='word_1_180' title='bbox 577 3448 632 3494; x_wconf 78' lang='lat' dir='ltr'>ore</span> <span class='ocrx_word' id='word_1_181' title='bbox 655 3431 845 3516; x_wconf 75' lang='lat' dir='ltr'>orbiculari,</span> <span class='ocrx_word' id='word_1_182' title='bbox 889 3435 1087 3501; x_wconf 80' lang='lat' dir='ltr'>membrana</span> <span class='ocrx_word' id='word_1_183' title='bbox 1180 3455 1182 3458; x_wconf 52' lang='lat'><em>⁴</em></span> 
     </span>
    </p>
   </div>
   <div class='ocr_carea' id='block_1_11' title="bbox 118 3524 1166 3932">
    <p class='ocr_par' dir='ltr' id='par_1_12' title="bbox 118 3524 1166 3932">
     <span class='ocr_line' id='line_1_31' title="bbox 128 3524 1089 3622; baseline 0.012 -28"><span class='ocrx_word' id='word_1_184' title='bbox 128 3524 252 3597; x_wconf 82' lang='lat' dir='ltr'>laterali</span> <span class='ocrx_word' id='word_1_185' title='bbox 272 3534 341 3611; x_wconf 88' lang='lat' dir='ltr'>(an</span> <span class='ocrx_word' id='word_1_186' title='bbox 362 3534 522 3596; x_wconf 87' lang='lat' dir='ltr'>morbose</span> <span class='ocrx_word' id='word_1_187' title='bbox 542 3528 714 3616; x_wconf 70' lang='lat' dir='ltr'>exstante)</span> <span class='ocrx_word' id='word_1_188' title='bbox 735 3536 844 3601; x_wconf 78' lang='lat' dir='ltr'>tenui.</span> <span class='ocrx_word' id='word_1_189' title='bbox 867 3534 999 3622; x_wconf 25' lang='lat' dir='ltr'>,Corpus</span> <span class='ocrx_word' id='word_1_190' title='bbox 1019 3561 1089 3609; x_wconf 57' lang='lat' dir='ltr'>mes</span> 
     </span>
     <span class='ocr_line' id='line_1_32' title="bbox 127 3630 1166 3728; baseline 0.013 -31"><span class='ocrx_word' id='word_1_191' title='bbox 127 3630 211 3698; x_wconf 83' lang='lat' dir='ltr'>diam</span> <span class='ocrx_word' id='word_1_192' title='bbox 226 3652 364 3719; x_wconf 27' lang='lat' dir='ltr'>,versus</span> <span class='ocrx_word' id='word_1_193' title='bbox 399 3650 530 3716; x_wconf 88' lang='lat' dir='ltr'>partem</span> <span class='ocrx_word' id='word_1_194' title='bbox 563 3641 716 3721; x_wconf 78' lang='lat' dir='ltr'>aequale.</span> <span class='ocrx_word' id='word_1_195' title='bbox 774 3637 893 3703; x_wconf 84' lang='lat' dir='ltr'><em>Gauda</em></span> <span class='ocrx_word' id='word_1_196' title='bbox 928 3643 1090 3728; x_wconf 79' lang='lat' dir='ltr'>depressa</span> <span class='ocrx_word' id='word_1_197' title='bbox 1164 3672 1166 3676; x_wconf 51' lang='lat'><em>⁴</em></span> 
     </span>
     <span class='ocr_line' id='line_1_33' title="bbox 123 3735 1087 3829; baseline 0.009 -28"><span class='ocrx_word' id='word_1_198' title='bbox 123 3735 368 3824; x_wconf 67' lang='lat' dir='ltr'>obtusiuscula</span> <span class='ocrx_word' id='word_1_199' title='bbox 391 3739 429 3798; x_wconf 92' lang='lat' dir='ltr'>iu</span> <span class='ocrx_word' id='word_1_200' title='bbox 450 3740 554 3802; x_wconf 88' lang='lat' dir='ltr'>tribus</span> <span class='ocrx_word' id='word_1_201' title='bbox 570 3745 767 3805; x_wconf 84' lang='lat' dir='ltr'>membrana</span> <span class='ocrx_word' id='word_1_202' title='bbox 788 3747 895 3820; x_wconf 82' lang='lat' dir='ltr'>tenui,</span> <span class='ocrx_word' id='word_1_203' title='bbox 909 3741 951 3808; x_wconf 67' lang='lat' dir='ltr'>⁵iu</span> <span class='ocrx_word' id='word_1_204' title='bbox 967 3765 1087 3829; x_wconf 87' lang='lat' dir='ltr'>quarto</span> 
     </span>
     <span class='ocr_line' id='line_1_34' title="bbox 118 3838 1088 3932; baseline 0.015 -31"><span class='ocrx_word' id='word_1_205' title='bbox 118 3838 308 3927; x_wconf 81' lang='lat' dir='ltr'>specimine</span> <span class='ocrx_word' id='word_1_206' title='bbox 332 3841 451 3922; x_wconf 87' lang='lat' dir='ltr'>(haud</span> <span class='ocrx_word' id='word_1_207' title='bbox 473 3856 588 3920; x_wconf 80' lang='lat' dir='ltr'>tamen</span> <span class='ocrx_word' id='word_1_208' title='bbox 611 3844 777 3928; x_wconf 85' lang='lat' dir='ltr'>spiraliter</span> <span class='ocrx_word' id='word_1_209' title='bbox 792 3852 1008 3932; x_wconf 78' lang='lat' dir='ltr'>convoluto,</span> <span class='ocrx_word' id='word_1_210' title='bbox 1031 3868 1088 3916; x_wconf 63' lang='lat' dir='ltr'>ner</span> 
     </span>
    </p>
   </div>
   <div class='ocr_carea' id='block_1_12' title="bbox 118 3936 1088 4036">
    <p class='ocr_par' dir='ltr' id='par_1_13' title="bbox 118 3936 1088 4036">
     <span class='ocr_line' id='line_1_35' title="bbox 118 3936 1088 4036; baseline 0.004 -25"><span class='ocrx_word' id='word_1_211' title='bbox 118 3962 185 4031; x_wconf 65' lang='lat' dir='ltr'>{uc</span> <span class='ocrx_word' id='word_1_212' title='bbox 206 3942 417 4032; x_wconf 69' lang='lat' dir='ltr'>genitalibus</span> <span class='ocrx_word' id='word_1_213' title='bbox 437 3942 596 4018; x_wconf 67' lang='lat' dir='ltr'>miscuis</span> <span class='ocrx_word' id='word_1_214' title='bbox 618 3951 806 4036; x_wconf 74' lang='lat' dir='ltr'>instructo)</span> <span class='ocrx_word' id='word_1_215' title='bbox 832 3936 947 4027; x_wconf 74' lang='lat' dir='ltr'>multo</span> <span class='ocrx_word' id='word_1_216' title='bbox 976 3951 1088 4017; x_wconf 62' lang='lat' dir='ltr'>latoris</span> 
     </span>
    </p>
   </div>
   <div class='ocr_carea' id='block_1_13' title="bbox 0 0 1249 4478">
    <p class='ocr_par' dir='ltr' id='par_1_14' title="bbox 0 0 1249 4478">
     <span class='ocr_line' id='line_1_36' title="bbox 0 0 1249 4478; baseline 0 0"><span class='ocrx_word' id='word_1_217' title='bbox 0 0 1249 4478; x_wconf 95' lang='lat' dir='ltr'> </span> 
     </span>
    </p>
   </div>
  </div>
 </body>
</html>
