<?xml version="1.0" encoding="UTF-8"?>
<!DOCTYPE html PUBLIC "-//W3C//DTD XHTML 1.0 Transitional//EN"
    "http://www.w3.org/TR/xhtml1/DTD/xhtml1-transitional.dtd">
<html xmlns="http://www.w3.org/1999/xhtml" xml:lang="en" lang="en">
 <head>
  <title>
</title>
<meta http-equiv="Content-Type" content="text/html;charset=utf-8" />
  <meta name='ocr-system' content='tesseract 3.04.00' />
  <meta name='ocr-capabilities' content='ocr_page ocr_carea ocr_par ocr_line ocrx_word'/>
</head>
<body>
  <div class='ocr_page' id='page_1' title='image "./entozoorumsynop00rudogoog/entozoorumsynop00rudogoog_0457.png"; bbox 0 0 2452 4478; ppageno 0'>
   <div class='ocr_carea' id='block_1_1' title="bbox 559 215 845 296">
    <p class='ocr_par' dir='ltr' id='par_1_1' title="bbox 559 215 845 296">
     <span class='ocr_line' id='line_1_1' title="bbox 559 215 845 296; baseline 0 -3"><span class='ocrx_word' id='word_1_1' title='bbox 559 215 845 296; x_wconf 76' lang='lat' dir='ltr'>-ttt-</span> 
     </span>
    </p>
   </div>
   <div class='ocr_carea' id='block_1_2' title="bbox 162 372 1181 1688">
    <p class='ocr_par' dir='ltr' id='par_1_2' title="bbox 224 372 1180 751">
     <span class='ocr_line' id='line_1_2' title="bbox 224 372 1180 462; baseline 0.001 -18"><span class='ocrx_word' id='word_1_2' title='bbox 224 399 292 447; x_wconf 80' lang='lat' dir='ltr'>nm</span> <span class='ocrx_word' id='word_1_3' title='bbox 314 390 523 462; x_wconf 82' lang='lat' dir='ltr'>congruunt,</span> <span class='ocrx_word' id='word_1_4' title='bbox 560 378 642 440; x_wconf 84' lang='lat' dir='ltr'>duas</span> <span class='ocrx_word' id='word_1_5' title='bbox 669 395 746 436; x_wconf 89' lang='lat' dir='ltr'>cum</span> <span class='ocrx_word' id='word_1_6' title='bbox 769 372 911 439; x_wconf 79' lang='lat' dir='ltr'>dimidia</span> <span class='ocrx_word' id='word_1_7' title='bbox 939 379 983 441; x_wconf 89' lang='lat' dir='ltr'>ad</span> <span class='ocrx_word' id='word_1_8' title='bbox 1010 391 1081 447; x_wconf 73' lang='lat' dir='ltr'>trec</span> <span class='ocrx_word' id='word_1_9' title='bbox 1109 402 1180 447; x_wconf 82' lang='lat' dir='ltr'>cnm</span> 
     </span>
     <span class='ocr_line' id='line_1_3' title="bbox 227 480 1180 567; baseline 0.003 -20"><span class='ocrx_word' id='word_1_10' title='bbox 227 481 366 547; x_wconf 90' lang='lat' dir='ltr'>dimidia</span> <span class='ocrx_word' id='word_1_11' title='bbox 376 483 484 545; x_wconf 87' lang='lat' dir='ltr'>lineas</span> <span class='ocrx_word' id='word_1_12' title='bbox 499 483 612 559; x_wconf 79' lang='lat' dir='ltr'>longa.</span> <span class='ocrx_word' id='word_1_13' title='bbox 629 482 877 567; x_wconf 65' lang='lat' dir='ltr'>spbtetragona</span> <span class='ocrx_word' id='word_1_14' title='bbox 890 480 974 543; x_wconf 69' lang='lat' dir='ltr'>(luas</span> <span class='ocrx_word' id='word_1_15' title='bbox 995 485 1110 557; x_wconf 80' lang='lat' dir='ltr'>lineae</span> <span class='ocrx_word' id='word_1_16' title='bbox 1125 500 1180 551; x_wconf 88' lang='lat' dir='ltr'>ter-</span> 
     </span>
     <span class='ocr_line' id='line_1_4' title="bbox 227 580 1177 666; baseline 0.003 -17"><span class='ocrx_word' id='word_1_17' title='bbox 227 589 288 649; x_wconf 87' lang='lat' dir='ltr'>tias</span> <span class='ocrx_word' id='word_1_18' title='bbox 311 602 418 665; x_wconf 82' lang='lat' dir='ltr'>partes</span> <span class='ocrx_word' id='word_1_19' title='bbox 447 585 528 657; x_wconf 86' lang='lat' dir='ltr'>lata;</span> <span class='ocrx_word' id='word_1_20' title='bbox 550 581 669 665; x_wconf 87' lang='lat' dir='ltr'>spiritu</span> <span class='ocrx_word' id='word_1_21' title='bbox 697 580 772 645; x_wconf 85' lang='lat' dir='ltr'>vini</span> <span class='ocrx_word' id='word_1_22' title='bbox 791 581 1017 649; x_wconf 83' lang='lat' dir='ltr'>luscescentia</span> <span class='ocrx_word' id='word_1_23' title='bbox 1045 588 1177 666; x_wconf 81' lang='lat' dir='ltr'>reddita,</span> 
     </span>
     <span class='ocr_line' id='line_1_5' title="bbox 227 686 434 751; baseline -0.005 -1"><span class='ocrx_word' id='word_1_24' title='bbox 227 686 434 751; x_wconf 82' lang='lat' dir='ltr'>duriuscula.</span> 
     </span>
    </p>

    <p class='ocr_par' dir='ltr' id='par_1_3' title="bbox 229 782 1177 972">
     <span class='ocr_line' id='line_1_6' title="bbox 332 782 1177 870; baseline 0.005 -19"><span class='ocrx_word' id='word_1_25' title='bbox 332 790 437 870; x_wconf 85' lang='lat' dir='ltr'>Apex</span> <span class='ocrx_word' id='word_1_26' title='bbox 459 783 606 867; x_wconf 72' lang='lat' dir='ltr'>posticus</span> <span class='ocrx_word' id='word_1_27' title='bbox 633 782 759 868; x_wconf 86' lang='lat' dir='ltr'>papilla</span> <span class='ocrx_word' id='word_1_28' title='bbox 786 783 902 847; x_wconf 91' lang='lat' dir='ltr'>biloba</span> <span class='ocrx_word' id='word_1_29' title='bbox 928 798 1072 852; x_wconf 83' lang='lat' dir='ltr'>retracta</span> <span class='ocrx_word' id='word_1_30' title='bbox 1093 792 1177 855; x_wconf 89' lang='lat' dir='ltr'>obtu-</span> 
     </span>
     <span class='ocr_line' id='line_1_7' title="bbox 229 888 742 972; baseline -0.014 -17"><span class='ocrx_word' id='word_1_31' title='bbox 229 888 390 966; x_wconf 64' lang='lat' dir='ltr'>sissimus,</span> <span class='ocrx_word' id='word_1_32' title='bbox 413 905 565 972; x_wconf 81' lang='lat' dir='ltr'>apertura</span> <span class='ocrx_word' id='word_1_33' title='bbox 588 888 742 950; x_wconf 87' lang='lat' dir='ltr'>minima.</span> 
     </span>
    </p>

    <p class='ocr_par' dir='ltr' id='par_1_4' title="bbox 162 987 1181 1688">
     <span class='ocr_line' id='line_1_8' title="bbox 342 987 1177 1065; baseline 0.002 -10"><span class='ocrx_word' id='word_1_34' title='bbox 342 992 419 1056; x_wconf 82' lang='lat' dir='ltr'>obs.</span> <span class='ocrx_word' id='word_1_35' title='bbox 463 992 691 1053; x_wconf 62' lang='lat' dir='ltr'>Dretaculario</span> <span class='ocrx_word' id='word_1_36' title='bbox 718 1011 735 1050; x_wconf 91' lang='lat' dir='ltr'>a</span> <span class='ocrx_word' id='word_1_37' title='bbox 763 988 912 1065; x_wconf 72' lang='lat' dir='ltr'>Bostare,</span> <span class='ocrx_word' id='word_1_38' title='bbox 946 987 1024 1053; x_wconf 83' lang='lat' dir='ltr'>viro</span> <span class='ocrx_word' id='word_1_39' title='bbox 1057 992 1177 1057; x_wconf 72' lang='lat' dir='ltr'>celin</span> 
     </span>
     <span class='ocr_line' id='line_1_9' title="bbox 231 1092 1178 1176; baseline -0.001 -18"><span class='ocrx_word' id='word_1_40' title='bbox 231 1096 324 1159; x_wconf 86' lang='lat' dir='ltr'>Bull.</span> <span class='ocrx_word' id='word_1_41' title='bbox 348 1095 445 1157; x_wconf 89' lang='lat' dir='ltr'>dela</span> <span class='ocrx_word' id='word_1_42' title='bbox 468 1094 542 1156; x_wconf 84' lang='lat' dir='ltr'>Soc.</span> <span class='ocrx_word' id='word_1_43' title='bbox 573 1092 719 1155; x_wconf 83' lang='lat' dir='ltr'>Pliilom.</span> <span class='ocrx_word' id='word_1_44' title='bbox 751 1108 838 1169; x_wconf 81' lang='lat'><strong>1797.</strong></span> <span class='ocrx_word' id='word_1_45' title='bbox 864 1113 899 1153; x_wconf 91' lang='lat' dir='ltr'>n.</span> <span class='ocrx_word' id='word_1_46' title='bbox 928 1108 1005 1173; x_wconf 67' lang='lat' dir='ltr'>ap.</span> <span class='ocrx_word' id='word_1_47' title='bbox 1030 1110 1053 1171; x_wconf 86' lang='lat'>9</span> <span class='ocrx_word' id='word_1_48' title='bbox 1080 1095 1133 1176; x_wconf 78' lang='lat' dir='ltr'>fig.</span> <span class='ocrx_word' id='word_1_49' title='bbox 1154 1111 1178 1161; x_wconf 82' lang='grc' dir='ltr'>ι.</span> 
     </span>
     <span class='ocr_line' id='line_1_10' title="bbox 234 1196 1179 1281; baseline -0.001 -21"><span class='ocrx_word' id='word_1_50' title='bbox 234 1199 376 1277; x_wconf 79' lang='lat' dir='ltr'>detecta,</span> <span class='ocrx_word' id='word_1_51' title='bbox 399 1198 506 1259; x_wconf 83' lang='lat' dir='ltr'>obiter</span> <span class='ocrx_word' id='word_1_52' title='bbox 527 1209 656 1259; x_wconf 88' lang='lat' dir='ltr'>tantum</span> <span class='ocrx_word' id='word_1_53' title='bbox 677 1196 846 1258; x_wconf 80' lang='lat' dir='ltr'>delineata</span> <span class='ocrx_word' id='word_1_54' title='bbox 868 1196 1179 1281; x_wconf 74' lang='lat' dir='ltr'>ett3&#39;1&#39;1&#39;msnfigu·</span> 
     </span>
     <span class='ocr_line' id='line_1_11' title="bbox 162 1288 1179 1385; baseline 0 -24"><span class='ocrx_word' id='word_1_55' title='bbox 162 1294 169 1309; x_wconf 80' lang='lat'>&#39;</span> <span class='ocrx_word' id='word_1_56' title='bbox 234 1320 292 1363; x_wconf 83' lang='lat' dir='ltr'>rae</span> <span class='ocrx_word' id='word_1_57' title='bbox 313 1300 436 1360; x_wconf 78' lang='lat' dir='ltr'>lintoz.</span> <span class='ocrx_word' id='word_1_58' title='bbox 457 1300 542 1363; x_wconf 86' lang='lat' dir='ltr'>Tab.</span> <span class='ocrx_word' id='word_1_59' title='bbox 564 1300 641 1361; x_wconf 87' lang='lat' dir='ltr'>VH</span> <span class='ocrx_word' id='word_1_60' title='bbox 667 1297 739 1379; x_wconf 71' lang='lat' dir='ltr'><strong>Fig.</strong></span> <span class='ocrx_word' id='word_1_61' title='bbox 762 1310 781 1375; x_wconf 86' lang='lat'>3</span> <span class='ocrx_word' id='word_1_62' title='bbox 799 1314 856 1375; x_wconf 86' lang='lat'>-9.</span> <span class='ocrx_word' id='word_1_63' title='bbox 881 1288 1179 1385; x_wconf 30' lang='lat' dir='ltr'>elegantioresOq&#39;ui·</span> 
     </span>
     <span class='ocr_line' id='line_1_12' title="bbox 236 1399 1181 1482; baseline -0.002 -17"><span class='ocrx_word' id='word_1_64' title='bbox 236 1403 324 1477; x_wconf 82' lang='lat' dir='ltr'>dem,</span> <span class='ocrx_word' id='word_1_65' title='bbox 347 1403 436 1463; x_wconf 88' lang='lat' dir='ltr'>haud</span> <span class='ocrx_word' id='word_1_66' title='bbox 461 1416 574 1462; x_wconf 86' lang='lat' dir='ltr'>tamen</span> <span class='ocrx_word' id='word_1_67' title='bbox 604 1401 824 1475; x_wconf 80' lang='lat' dir='ltr'>sufficientes,</span> <span class='ocrx_word' id='word_1_68' title='bbox 847 1423 950 1482; x_wconf 85' lang='lat' dir='ltr'>quare</span> <span class='ocrx_word' id='word_1_69' title='bbox 969 1420 1082 1463; x_wconf 76' lang='lat' dir='ltr'>novas</span> <span class='ocrx_word' id='word_1_70' title='bbox 1102 1399 1181 1463; x_wconf 90' lang='lat' dir='ltr'>addi·</span> 
     </span>
     <span class='ocr_line' id='line_1_13' title="bbox 235 1500 1181 1586; baseline 0 -19"><span class='ocrx_word' id='word_1_71' title='bbox 235 1504 282 1567; x_wconf 91' lang='lat' dir='ltr'>di.</span> <span class='ocrx_word' id='word_1_72' title='bbox 327 1501 574 1567; x_wconf 81' lang='lat' dir='ltr'>Proboscidum</span> <span class='ocrx_word' id='word_1_73' title='bbox 598 1502 710 1582; x_wconf 83' lang='lat' dir='ltr'>apices</span> <span class='ocrx_word' id='word_1_74' title='bbox 733 1500 856 1583; x_wconf 76' lang='lat' dir='ltr'>passim</span> <span class='ocrx_word' id='word_1_75' title='bbox 877 1505 1024 1586; x_wconf 87' lang='lat' dir='ltr'>papillae</span> <span class='ocrx_word' id='word_1_76' title='bbox 1044 1501 1181 1585; x_wconf 76' lang='lat' dir='ltr'>speciem</span> 
     </span>
     <span class='ocr_line' id='line_1_14' title="bbox 232 1604 1103 1688; baseline 0 -16"><span class='ocrx_word' id='word_1_77' title='bbox 232 1606 393 1685; x_wconf 72' lang='lat' dir='ltr'>¹induunt,</span> <span class='ocrx_word' id='word_1_78' title='bbox 416 1604 612 1687; x_wconf 82' lang='lat' dir='ltr'>praesertim</span> <span class='ocrx_word' id='word_1_79' title='bbox 626 1606 770 1685; x_wconf 80' lang='lat' dir='ltr'>quando</span> <span class='ocrx_word' id='word_1_80' title='bbox 793 1609 902 1671; x_wconf 84' lang='lat' dir='ltr'>exseri</span> <span class='ocrx_word' id='word_1_81' title='bbox 923 1606 1103 1688; x_wconf 78' lang='lat' dir='ltr'>incipiunt·</span> 
     </span>
    </p>
   </div>
   <div class='ocr_carea' id='block_1_3' title="bbox 290 1762 1043 1859">
    <p class='ocr_par' dir='ltr' id='par_1_5' title="bbox 290 1762 1043 1859">
     <span class='ocr_line' id='line_1_15' title="bbox 290 1762 1043 1859; baseline -0.005 -22"><span class='ocrx_word' id='word_1_82' title='bbox 290 1776 326 1851; x_wconf 84' lang='lat'>8.</span> <span class='ocrx_word' id='word_1_83' title='bbox 349 1762 651 1855; x_wconf 84' lang='lat' dir='ltr'>Tetrarhynchns</span> <span class='ocrx_word' id='word_1_84' title='bbox 669 1762 972 1859; x_wconf 76' lang='lat' dir='ltr'>¹ttppendicultttus</span> <span class='ocrx_word' id='word_1_85' title='bbox 996 1771 1043 1837; x_wconf 79' lang='lat' dir='ltr'>tt.</span> 
     </span>
    </p>
   </div>
   <div class='ocr_carea' id='block_1_4' title="bbox 155 1910 1193 2914">
    <p class='ocr_par' dir='ltr' id='par_1_6' title="bbox 155 1910 1188 2605">
     <span class='ocr_line' id='line_1_16' title="bbox 305 1910 1184 1999; baseline -0.002 -23"><span class='ocrx_word' id='word_1_86' title='bbox 305 1994 308 1999; x_wconf 11' lang='grc' dir='ltr'><strong><em>ἢ</em></strong></span> <span class='ocrx_word' id='word_1_87' title='bbox 344 1914 424 1976; x_wconf 87' lang='lat' dir='ltr'>Ent.</span> <span class='ocrx_word' id='word_1_88' title='bbox 447 1910 496 1973; x_wconf 87' lang='lat' dir='ltr'>IL</span> <span class='ocrx_word' id='word_1_89' title='bbox 522 1928 550 1973; x_wconf 85' lang='lat' dir='ltr'>t.</span> <span class='ocrx_word' id='word_1_90' title='bbox 568 1931 601 1991; x_wconf 88' lang='lat' dir='ltr'>p.</span> <span class='ocrx_word' id='word_1_91' title='bbox 624 1921 699 1989; x_wconf 61' lang='grc' dir='ltr'>διε.</span> <span class='ocrx_word' id='word_1_92' title='bbox 720 1932 755 1972; x_wconf 89' lang='lat' dir='ltr'>n.</span> <span class='ocrx_word' id='word_1_93' title='bbox 777 1928 805 1975; x_wconf 79' lang='lat'>1.</span> <span class='ocrx_word' id='word_1_94' title='bbox 827 1912 912 1973; x_wconf 86' lang='lat' dir='ltr'>Tab.</span> <span class='ocrx_word' id='word_1_95' title='bbox 931 1912 1020 1974; x_wconf 86' lang='lat' dir='ltr'><strong>VII.</strong></span> <span class='ocrx_word' id='word_1_96' title='bbox 1042 1910 1121 1995; x_wconf 80' lang='lat' dir='ltr'>Fig.</span> <span class='ocrx_word' id='word_1_97' title='bbox 1143 1928 1184 1985; x_wconf 86' lang='lat' dir='ltr'>to,</span> 
     </span>
     <span class='ocr_line' id='line_1_17' title="bbox 222 2001 1185 2097; baseline -0.005 -17"><span class='ocrx_word' id='word_1_98' title='bbox 222 2001 294 2097; x_wconf 71' lang='lat' dir='ltr'>⁸tt,</span> <span class='ocrx_word' id='word_1_99' title='bbox 319 2032 369 2079; x_wconf 76' lang='lat'>12.</span> <span class='ocrx_word' id='word_1_100' title='bbox 388 2011 528 2075; x_wconf 82' lang='lat' dir='ltr'>nomine</span> <span class='ocrx_word' id='word_1_101' title='bbox 551 2012 640 2073; x_wconf 89' lang='lat' dir='ltr'>dicto</span> <span class='ocrx_word' id='word_1_102' title='bbox 669 2013 993 2097; x_wconf 84' lang='lat' dir='ltr'>Echinorhynchum</span> <span class='ocrx_word' id='word_1_103' title='bbox 1023 2013 1185 2096; x_wconf 79' lang='lat' dir='ltr'>quadriro</span> 
     </span>
     <span class='ocr_line' id='line_1_18' title="bbox 155 2114 1186 2198; baseline -0.004 -18"><span class='ocrx_word' id='word_1_104' title='bbox 155 2176 160 2189; x_wconf 82' lang='grc'><strong>,</strong></span> <span class='ocrx_word' id='word_1_105' title='bbox 241 2137 342 2180; x_wconf 77' lang='lat' dir='ltr'>ttrern</span> <span class='ocrx_word' id='word_1_106' title='bbox 363 2117 491 2177; x_wconf 77' lang='lat' dir='ltr'>Gonzn</span> <span class='ocrx_word' id='word_1_107' title='bbox 512 2134 556 2176; x_wconf 86' lang='lat' dir='ltr'>ex</span> <span class='ocrx_word' id='word_1_108' title='bbox 578 2114 638 2175; x_wconf 89' lang='lat' dir='ltr'>cel.</span> <span class='ocrx_word' id='word_1_109' title='bbox 662 2115 725 2177; x_wconf 91' lang='lat' dir='ltr'>viri</span> <span class='ocrx_word' id='word_1_110' title='bbox 749 2133 861 2180; x_wconf 82' lang='lat' dir='ltr'>mente</span> <span class='ocrx_word' id='word_1_111' title='bbox 884 2116 1044 2198; x_wconf 80' lang='lat' dir='ltr'>descripsi</span> <span class='ocrx_word' id='word_1_112' title='bbox 1067 2130 1102 2181; x_wconf 89' lang='lat' dir='ltr'>et</span> <span class='ocrx_word' id='word_1_113' title='bbox 1112 2115 1186 2198; x_wconf 65' lang='lat' dir='ltr'>ejuc</span> 
     </span>
     <span class='ocr_line' id='line_1_19' title="bbox 243 2214 1186 2307; baseline -0.004 -26"><span class='ocrx_word' id='word_1_114' title='bbox 243 2221 324 2281; x_wconf 80' lang='lat' dir='ltr'>deni</span> <span class='ocrx_word' id='word_1_115' title='bbox 346 2221 460 2277; x_wconf 81' lang='lat' dir='ltr'>icones</span> <span class='ocrx_word' id='word_1_116' title='bbox 483 2214 614 2296; x_wconf 82' lang='lat' dir='ltr'>repetii.</span> <span class='ocrx_word' id='word_1_117' title='bbox 641 2216 802 2282; x_wconf 85' lang='lat' dir='ltr'>Viennae</span> <span class='ocrx_word' id='word_1_118' title='bbox 826 2236 938 2284; x_wconf 91' lang='lat' dir='ltr'>autem</span> <span class='ocrx_word' id='word_1_119' title='bbox 956 2216 1082 2307; x_wconf 78' lang='lat' dir='ltr'>Martio</span> <span class='ocrx_word' id='word_1_120' title='bbox 1106 2234 1186 2294; x_wconf 64' lang='grc' dir='ltr'>ιω.</span> 
     </span>
     <span class='ocr_line' id='line_1_20' title="bbox 243 2318 1187 2405; baseline -0.003 -22"><span class='ocrx_word' id='word_1_121' title='bbox 243 2319 425 2402; x_wconf 82' lang='lat' dir='ltr'>specimina</span> <span class='ocrx_word' id='word_1_122' title='bbox 461 2318 529 2378; x_wconf 85' lang='lat' dir='ltr'>duo</span> <span class='ocrx_word' id='word_1_123' title='bbox 572 2319 745 2383; x_wconf 83' lang='lat' dir='ltr'>Goeziana</span> <span class='ocrx_word' id='word_1_124' title='bbox 775 2343 818 2383; x_wconf 86' lang='lat' dir='ltr'>ex</span> <span class='ocrx_word' id='word_1_125' title='bbox 858 2325 959 2405; x_wconf 89' lang='lat' dir='ltr'><strong>hujus</strong></span> <span class='ocrx_word' id='word_1_126' title='bbox 992 2320 1187 2384; x_wconf 84' lang='lat' dir='ltr'>collectione</span> 
     </span>
     <span class='ocr_line' id='line_1_21' title="bbox 243 2419 1188 2505; baseline 0.001 -23"><span class='ocrx_word' id='word_1_127' title='bbox 243 2423 352 2501; x_wconf 89' lang='lat' dir='ltr'>(nnnc</span> <span class='ocrx_word' id='word_1_128' title='bbox 373 2419 488 2483; x_wconf 86' lang='lat' dir='ltr'>Ticini</span> <span class='ocrx_word' id='word_1_129' title='bbox 515 2421 661 2500; x_wconf 85' lang='lat' dir='ltr'>servata)</span> <span class='ocrx_word' id='word_1_130' title='bbox 690 2424 866 2505; x_wconf 73' lang='lat' dir='ltr'>depromta</span> <span class='ocrx_word' id='word_1_131' title='bbox 893 2422 1063 2505; x_wconf 68' lang='lat' dir='ltr'>inspicere</span> <span class='ocrx_word' id='word_1_132' title='bbox 1091 2421 1188 2496; x_wconf 84' lang='lat' dir='ltr'>licuit,</span> 
     </span>
     <span class='ocr_line' id='line_1_22' title="bbox 244 2522 1080 2605; baseline 0.002 -17"><span class='ocrx_word' id='word_1_133' title='bbox 244 2527 345 2588; x_wconf 92' lang='lat' dir='ltr'>oculo</span> <span class='ocrx_word' id='word_1_134' title='bbox 367 2539 476 2587; x_wconf 86' lang='lat' dir='ltr'>tamen</span> <span class='ocrx_word' id='word_1_135' title='bbox 498 2522 579 2583; x_wconf 89' lang='lat' dir='ltr'>huic</span> <span class='ocrx_word' id='word_1_136' title='bbox 600 2527 716 2605; x_wconf 83' lang='lat' dir='ltr'>generi</span> <span class='ocrx_word' id='word_1_137' title='bbox 736 2527 890 2589; x_wconf 89' lang='lat' dir='ltr'>nondum</span> <span class='ocrx_word' id='word_1_138' title='bbox 914 2523 1080 2590; x_wconf 83' lang='lat' dir='ltr'>familiari.</span> 
     </span>
    </p>

    <p class='ocr_par' dir='ltr' id='par_1_7' title="bbox 244 2624 1193 2914">
     <span class='ocr_line' id='line_1_23' title="bbox 351 2624 1191 2707; baseline -0.001 -18"><span class='ocrx_word' id='word_1_139' title='bbox 351 2627 512 2690; x_wconf 86' lang='lat' dir='ltr'>Alterum</span> <span class='ocrx_word' id='word_1_140' title='bbox 534 2624 707 2707; x_wconf 85' lang='lat' dir='ltr'>specimen</span> <span class='ocrx_word' id='word_1_141' title='bbox 731 2628 988 2707; x_wconf 83' lang='lat' dir='ltr'>proboscidibus</span> <span class='ocrx_word' id='word_1_142' title='bbox 1015 2647 1090 2690; x_wconf 90' lang='lat' dir='ltr'>non</span> <span class='ocrx_word' id='word_1_143' title='bbox 1112 2646 1191 2690; x_wconf 86' lang='lat' dir='ltr'>com·</span> 
     </span>
     <span class='ocr_line' id='line_1_24' title="bbox 244 2728 1192 2814; baseline -0.003 -21"><span class='ocrx_word' id='word_1_144' title='bbox 244 2729 366 2814; x_wconf 82' lang='lat' dir='ltr'>putatis</span> <span class='ocrx_word' id='word_1_145' title='bbox 389 2743 455 2792; x_wconf 87' lang='lat' dir='ltr'>tres</span> <span class='ocrx_word' id='word_1_146' title='bbox 479 2729 583 2792; x_wconf 80' lang='lat' dir='ltr'>lineas</span> <span class='ocrx_word' id='word_1_147' title='bbox 602 2731 744 2812; x_wconf 88' lang='lat' dir='ltr'>longum</span> <span class='ocrx_word' id='word_1_148' title='bbox 767 2729 955 2811; x_wconf 88' lang='lat' dir='ltr'>appendice</span> <span class='ocrx_word' id='word_1_149' title='bbox 977 2728 1135 2808; x_wconf 84' lang='lat' dir='ltr'>minore,</span> <span class='ocrx_word' id='word_1_150' title='bbox 1156 2732 1192 2791; x_wconf 91' lang='lat' dir='ltr'>al·</span> 
     </span>
     <span class='ocr_line' id='line_1_25' title="bbox 246 2830 1193 2914; baseline -0.002 -18"><span class='ocrx_word' id='word_1_151' title='bbox 246 2847 356 2898; x_wconf 86' lang='lat' dir='ltr'>terum</span> <span class='ocrx_word' id='word_1_152' title='bbox 379 2831 517 2894; x_wconf 87' lang='lat' dir='ltr'>dimidia</span> <span class='ocrx_word' id='word_1_153' title='bbox 549 2831 642 2895; x_wconf 89' lang='lat' dir='ltr'>linea</span> <span class='ocrx_word' id='word_1_154' title='bbox 678 2833 816 2894; x_wconf 86' lang='lat' dir='ltr'>brevius</span> <span class='ocrx_word' id='word_1_155' title='bbox 852 2830 1046 2914; x_wconf 76' lang='lat' dir='ltr'>appendice</span> <span class='ocrx_word' id='word_1_156' title='bbox 1070 2832 1193 2914; x_wconf 81' lang='lat' dir='ltr'>majore</span> 
     </span>
    </p>
   </div>
   <div class='ocr_carea' id='block_1_5' title="bbox 146 2932 1194 3019">
    <p class='ocr_par' dir='ltr' id='par_1_8' title="bbox 146 2932 1194 3019">
     <span class='ocr_line' id='line_1_26' title="bbox 146 2932 1194 3019; baseline -0.004 -19"><span class='ocrx_word' id='word_1_157' title='bbox 146 2990 150 3000; x_wconf 85' lang='lat'><em>.</em></span> <span class='ocrx_word' id='word_1_158' title='bbox 246 2937 368 3010; x_wconf 80' lang='lat' dir='ltr'>utitur,</span> <span class='ocrx_word' id='word_1_159' title='bbox 402 2957 487 3017; x_wconf 87' lang='lat' dir='ltr'>quae</span> <span class='ocrx_word' id='word_1_160' title='bbox 520 2935 679 3019; x_wconf 90' lang='lat' dir='ltr'>papillam</span> <span class='ocrx_word' id='word_1_161' title='bbox 714 2934 814 2996; x_wconf 86' lang='lat' dir='ltr'>valde</span> <span class='ocrx_word' id='word_1_162' title='bbox 850 2935 1042 3014; x_wconf 86' lang='lat' dir='ltr'>elongatam</span> <span class='ocrx_word' id='word_1_163' title='bbox 1077 2932 1194 2996; x_wconf 85' lang='lat' dir='ltr'>obtusi·</span> 
     </span>
    </p>
   </div>
   <div class='ocr_carea' id='block_1_6' title="bbox 161 3032 1195 3428">
    <p class='ocr_par' dir='ltr' id='par_1_9' title="bbox 161 3032 1195 3428">
     <span class='ocr_line' id='line_1_27' title="bbox 161 3032 1195 3121; baseline -0.002 -22"><span class='ocrx_word' id='word_1_164' title='bbox 161 3032 170 3055; x_wconf 73' lang='lat'><em>⁶</em></span> <span class='ocrx_word' id='word_1_165' title='bbox 203 3080 206 3085; x_wconf 84' lang='lat'>·</span> <span class='ocrx_word' id='word_1_166' title='bbox 245 3041 398 3100; x_wconf 75' lang='lat' dir='ltr'>urcnlam</span> <span class='ocrx_word' id='word_1_167' title='bbox 421 3038 520 3117; x_wconf 86' lang='lat' dir='ltr'>sistit,</span> <span class='ocrx_word' id='word_1_168' title='bbox 549 3062 649 3121; x_wconf 90' lang='lat' dir='ltr'>quam</span> <span class='ocrx_word' id='word_1_169' title='bbox 675 3035 827 3117; x_wconf 86' lang='lat' dir='ltr'>reliquae</span> <span class='ocrx_word' id='word_1_170' title='bbox 856 3033 983 3116; x_wconf 86' lang='lat' dir='ltr'>species</span> <span class='ocrx_word' id='word_1_171' title='bbox 1003 3036 1195 3101; x_wconf 84' lang='lat' dir='ltr'>breviorem</span> 
     </span>
     <span class='ocr_line' id='line_1_28' title="bbox 248 3138 1195 3222; baseline 0.003 -22"><span class='ocrx_word' id='word_1_172' title='bbox 248 3141 417 3202; x_wconf 85' lang='lat' dir='ltr'>exhibent.</span> <span class='ocrx_word' id='word_1_173' title='bbox 460 3142 686 3204; x_wconf 86' lang='lat' dir='ltr'>Proboscides</span> <span class='ocrx_word' id='word_1_174' title='bbox 705 3138 949 3222; x_wconf 82' lang='lat' dir='ltr'>longiusculae,</span> <span class='ocrx_word' id='word_1_175' title='bbox 971 3151 1106 3202; x_wconf 74' lang='lat' dir='ltr'>tenues.</span> <span class='ocrx_word' id='word_1_176' title='bbox 1137 3143 1195 3203; x_wconf 88' lang='lat' dir='ltr'>Bo·</span> 
     </span>
     <span class='ocr_line' id='line_1_29' title="bbox 249 3241 1195 3326; baseline -0.001 -22"><span class='ocrx_word' id='word_1_177' title='bbox 249 3242 336 3304; x_wconf 87' lang='lat' dir='ltr'>thria</span> <span class='ocrx_word' id='word_1_178' title='bbox 357 3245 505 3306; x_wconf 86' lang='lat' dir='ltr'>lateralia</span> <span class='ocrx_word' id='word_1_179' title='bbox 526 3246 628 3326; x_wconf 82' lang='lat' dir='ltr'>longa</span> <span class='ocrx_word' id='word_1_180' title='bbox 648 3254 781 3322; x_wconf 87' lang='lat' dir='ltr'>costata,</span> <span class='ocrx_word' id='word_1_181' title='bbox 805 3263 905 3323; x_wconf 88' lang='lat' dir='ltr'>quam</span> <span class='ocrx_word' id='word_1_182' title='bbox 917 3241 956 3304; x_wconf 88' lang='lat' dir='ltr'>in</span> <span class='ocrx_word' id='word_1_183' title='bbox 976 3242 1195 3325; x_wconf 83' lang='lat' dir='ltr'>praecedente</span> 
     </span>
     <span class='ocr_line' id='line_1_30' title="bbox 202 3345 684 3428; baseline -0.004 -20"><span class='ocrx_word' id='word_1_184' title='bbox 202 3380 208 3395; x_wconf 54' lang='grc' dir='ltr'><em>ι</em></span> <span class='ocrx_word' id='word_1_185' title='bbox 249 3345 363 3428; x_wconf 70' lang='lat' dir='ltr'>specie</span> <span class='ocrx_word' id='word_1_186' title='bbox 385 3361 494 3408; x_wconf 83' lang='lat' dir='ltr'>tamen</span> <span class='ocrx_word' id='word_1_187' title='bbox 517 3348 684 3410; x_wconf 84' lang='lat' dir='ltr'>breviora.</span> 
     </span>
    </p>
   </div>
   <div class='ocr_carea' id='block_1_7' title="bbox 249 3460 1197 3634">
    <p class='ocr_par' dir='ltr' id='par_1_10' title="bbox 249 3460 1197 3634">
     <span class='ocr_line' id='line_1_31' title="bbox 355 3460 1197 3549; baseline 0 -23"><span class='ocrx_word' id='word_1_188' title='bbox 355 3465 612 3549; x_wconf 85' lang='lat' dir='ltr'>Tetrarhyncho</span> <span class='ocrx_word' id='word_1_189' title='bbox 634 3462 886 3528; x_wconf 84' lang='lat' dir='ltr'>macrobothrio</span> <span class='ocrx_word' id='word_1_190' title='bbox 916 3460 1044 3547; x_wconf 80' lang='lat' dir='ltr'>affinis,</span> <span class='ocrx_word' id='word_1_191' title='bbox 1072 3464 1137 3531; x_wconf 80' lang='lat' dir='ltr'>sed</span> <span class='ocrx_word' id='word_1_192' title='bbox 1159 3460 1197 3526; x_wconf 92' lang='lat' dir='ltr'>di·</span> 
     </span>
     <span class='ocr_line' id='line_1_32' title="bbox 249 3579 452 3634; baseline 0.025 -6"><span class='ocrx_word' id='word_1_193' title='bbox 249 3579 368 3628; x_wconf 81' lang='lat' dir='ltr'>versus</span> <span class='ocrx_word' id='word_1_194' title='bbox 391 3581 452 3634; x_wconf 74' lang='lat' dir='ltr'>eat.</span> 
     </span>
    </p>
   </div>
   <div class='ocr_carea' id='block_1_8' title="bbox 301 3728 1197 3943">
    <p class='ocr_par' dir='ltr' id='par_1_11' title="bbox 301 3728 1197 3943">
     <span class='ocr_line' id='line_1_33' title="bbox 301 3728 1115 3824; baseline 0.014 -32"><span class='ocrx_word' id='word_1_195' title='bbox 301 3739 338 3813; x_wconf 82' lang='lat'>9.</span> <span class='ocrx_word' id='word_1_196' title='bbox 364 3728 664 3819; x_wconf 70' lang='lat' dir='ltr'>Tetrathynchns</span> <span class='ocrx_word' id='word_1_197' title='bbox 690 3729 894 3802; x_wconf 79' lang='lat' dir='ltr'>scolecinns</span> <span class='ocrx_word' id='word_1_198' title='bbox 919 3732 965 3800; x_wconf 80' lang='lat' dir='ltr'>R.</span> <span class='ocrx_word' id='word_1_199' title='bbox 990 3752 1027 3798; x_wconf 88' lang='lat' dir='ltr'>n.</span> <span class='ocrx_word' id='word_1_200' title='bbox 1056 3750 1115 3824; x_wconf 76' lang='lat' dir='ltr'>sp.</span> 
     </span>
     <span class='ocr_line' id='line_1_34' title="bbox 355 3856 1197 3943; baseline 0.002 -24"><span class='ocrx_word' id='word_1_201' title='bbox 355 3857 401 3919; x_wconf 90' lang='lat' dir='ltr'>In</span> <span class='ocrx_word' id='word_1_202' title='bbox 428 3856 561 3921; x_wconf 88' lang='lat' dir='ltr'>duobus</span> <span class='ocrx_word' id='word_1_203' title='bbox 590 3859 724 3943; x_wconf 80' lang='lat' dir='ltr'>Squalis</span> <span class='ocrx_word' id='word_1_204' title='bbox 748 3857 960 3939; x_wconf 64' lang='lat' dir='ltr'>saliaribus,</span> <span class='ocrx_word' id='word_1_205' title='bbox 986 3861 1141 3926; x_wconf 79' lang='lat' dir='ltr'>masculo</span> <span class='ocrx_word' id='word_1_206' title='bbox 1169 3866 1197 3921; x_wconf 88' lang='lat' dir='ltr'>et</span> 
     </span>
    </p>
   </div>
   <div class='ocr_carea' id='block_1_9' title="bbox 0 0 1256 4478">
    <p class='ocr_par' dir='ltr' id='par_1_12' title="bbox 0 0 1256 4478">
     <span class='ocr_line' id='line_1_35' title="bbox 0 0 1256 4478; baseline 0 0"><span class='ocrx_word' id='word_1_207' title='bbox 0 0 1256 4478; x_wconf 95' lang='lat' dir='ltr'> </span> 
     </span>
    </p>
   </div>
  </div>
 </body>
</html>
