2452 4478
559 254 843 332 *484⁴*

275 441 334 493 22.
359 416 690 512 Bothriocephalus
716 412 972 513 verticiilatus'
988 384 1084 489 Κι.
1109 441 1160 515 sp.

233 568 239 579 '
331 571 377 632 In
396 565 547 646 ejusdem
568 546 686 648 Squali
713 565 808 628 Galei
830 564 987 627 Arimini
1007 568 1103 647 Majo
1125 565 1178 627 dis

225 670 306 736 secti
328 689 453 746 crasso,
478 687 546 756 quo
570 668 848 747 praecedentem,
882 667 984 751 etiam
1007 668 1096 731 hanc
1116 690 1177 751 spe.

224 773 311 836 ciem
334 773 491 833 omnium
513 760 797 850 elegantissimam
820 768 947 850 reperi.

332 885 526 971 Specimina
549 904 654 964 pauca
676 886 754 968 legi,
779 901 843 948 tres
861 887 902 946 ad
927 900 1075 966 quatuor
1093 885 1177 968 pulli·

224 1010 280 1056 ces
302 992 415 1072 longa,
436 986 576 1051 unicum
600 986 707 1069 capite
729 990 947 1062 instructum,
981 992 1054 1075 quo
1088 987 1177 1051 etiarn

224 1086 466 1175 postmortem
499 1088 659 1151 intestino
696 1089 886 1171 firmissime
914 1087 1075 1173 inhaesit.
1114 1089 1193 1153 Ati--

227 1192 318 1275 quot'
335 1192 454 1256 diebus
477 1174 599 1272 elapsis
621 1187 746 1253 iterum
769 1190 806 1253 in
828 1191 928 1253 Gale'o
952 1191 1101 1269 offendi,
1127 1191 1178 1255 sed

226 1292 334 1376 capite
358 1276 567 1358 clestitutum.

340 1412 454 1493 Caput
477 1413 640 1493 exiguum
671 1423 900 1492 tetragonum,
931 1412 1068 1475 uncinis
1089 1414 1180 1495 fura·

227 1511 269 1575 tis
291 1512 472 1594 majoribus
504 1514 714 1587 instructam,
745 1514 804 1591 qui
832 1511 915 1575 mihi
938 1517 1083 1595 quidem
1106 1515 1178 1596 ejus·

232 1616 309 1676 dem
347 1615 472 1678 indolis
506 1637 543 1677 ac
576 1613 699 1697 speciei
728 1614 961 1694 praecedentis
1000 1604 1178 1701 'visisunt

221 1739 310 1779 ⁴cum
360 1712 444 1782 uero
498 1712 597 1801 caput
644 1714 781 1797 penitus
829 1736 848 1776 a
892 1735 993 1797 muco
1050 1721 1181 1805 liberare

229 1840 303 1880 non
342 1816 524 1894 concessit,
543 1902 545 1907 Ι
564 1838 651 1880 num
690 1830 766 1879 octo
803 1816 971 1894 bifurcati,
1020 1823 1083 1885 vel
1114 1816 1181 1902 qua·

231 1936 310 1984 tuor
342 1918 397 1993 ⁵bis
440 1921 596 1984 bifurcati
640 1918 768 1994 adsint,
815 1941 877 2002 pro
917 1936 1011 1985 certo
1052 1937 1181 1985 conten·

230 2026 313 2088 dere
344 2044 495 2103 nequeo.
555 2025 681 2089 Collum
712 2024 863 2094 nullum3
911 2024 1075 2104 Corporis
1107 2044 1181 2087 vero

231 2145 308 2209 pars
342 2125 448 2186 antica
487 2125 563 2191 filo
586 2122 713 2188 beii'c'eo
755 2118 899 2204 simplici
946 2118 1042 2188 baud
1085 2126 1181 2189 crassi·

233 2243 362 2301 orest,
405 2228 472 2307 qu'o
507 2227 604 2290 facile
644 2248 705 2308 pro
737 2227 836 2287 Collo
871 2226 1055 2308 imponere
1080 2227 1182 2312 possit.

231 2327 382 2392 Articuli
404 2332 533 2410 priores
556 2327 746 2412 longissimi
769 2328 925 2404 lineares
950 2335 1115 2412 marginis
1135 2354 1181 2413 po·

232 2429 307 2493 stici
331 2430 461 2492 laciniis
497 2452 558 2494 sex
588 2430 829 2512 angustissimis
863 2433 967 2494 acutis
1004 2452 1180 2496 retrorsum

232 2535 459 2614 spectantibus
472 2533 600 2595 articuli
616 2533 827 2610 insequentis
844 2550 972 2613 partem
988 2537 1182 2598 anteriorem

232 2636 494 2707 circumdantem
532 2636 590 2715 qui
624 2639 816 2715 sequuntur
837 2636 967 2697 articuli
990 2639 1064 2701 fere
1087 2638 1183 2700 iniun-

234 2735 469 2801 dibuliformes
498 2736 627 2799 laciniis
656 2740 791 2818 posticis
820 2738 931 2799 minus
964 2753 999 2801 et
1034 2739 1182 2803 tenuibus

232 2853 270 2902 et
290 2831 418 2922 longis3
442 2855 511 2900 tum
531 2840 730 2914 brevissimi,
754 2840 936 2919 bacillares,
972 2841 1106 2904 laciniis
1121 2863 1183 2924 qua·

233 2955 314 3003 tuor
336 2940 543 3025 emarginatis
561 2956 711 3018 utentes,
744 2965 827 3023 quae
856 2943 993 3004 incauto
1024 2964 1091 3025 pro
1116 2959 1181 3008 octo

233 3042 441 3124 simplicibus
464 3044 640 3124 imponere
663 3061 821 3127 possunt3
842 3045 1104 3125 insequentium
1126 3044 1184 3111 arti·

236 3147 392 3206 culorum
418 3146 611 3228 longiorum
654 3162 686 3209 et
719 3146 946 3230 augustiorum
977 3149 1125 3214 laciniae
1149 3149 1184 3212 ad

234 3247 339 3311 latera
358 3247 552 3328 praesertim
576 3261 723 3325 exstant,
758 3264 795 3310 ut
828 3269 944 3310 verme
967 3251 1101 3314 inflexo
1130 3270 1185 3335 pro

236 3349 344 3430 spinis
365 3349 481 3412 haberi
500 3352 640 3429 queant,
664 3365 734 3412 tum
755 3351 884 3413 articuli
908 3354 1137 3431 campanulati
1150 3356 1186 3416 la·

237 3451 333 3514 ciniis
356 3451 491 3534 posticis
514 3451 722 3514 brevissimis
747 3456 889 3527 obtusis3
912 3451 1026 3514 ultimi
1045 3456 1188 3538 denique

237 3552 360 3616 harum
385 3568 536 3636 expertes
561 3558 708 3618 maxime
731 3553 894 3636 elongati,
921 3555 1079 3638 oblongo
1106 3559 1189 3641 ellip

237 3654 310 3728 tici,
334 3659 392 3717 vel
416 3657 638 3732 sublineares,
664 3659 869 3739 marginibus
898 3656 1096 3721 lateralibus
1118 3679 1190 3724 cras·

238 3753 392 3829 simibus,
417 3763 537 3839 opacis,
563 3761 653 3822 disco
689 3761 802 3822 medio
827 3759 1035 3843 pellucente,
1074 3761 1186 3826 osculis

237 3857 476 3939 marginalibus
499 3863 645 3940 alternis,
667 3862 772 3926 rarius
796 3858 999 3944 conspicuis.
