2452 4478
444 281 721 355 ..291-

119 429 206 495 lineas
226 431 367 512 longam
388 441 577 491 antrorsum
590 430 693 512 magis
711 438 927 506 attenuatam,
951 430 1057 494 caude

120 535 260 614 depressa
281 529 497 604 acutiuscula,
523 531 646 591 dubius
669 529 737 591 huo
757 531 879 606 resero,
904 532 983 612 quia
1007 554 1055 596 ca-

120 634 179 713 pitis
201 636 368 697 valvulae
386 632 577 695 mediocres
601 644 710 704 erant,
743 652 855 712 neque
878 638 1055 711 maximae,

121 737 220 816 quales
241 737 278 797 in
301 731 349 798 A.
370 734 491 797 labiata
512 726 662 796 inveniri
682 733 800 795 solent.

214 838 296 901 Obs.
318 834 454 899 Ascuris
475 849 589 898 nostra
610 833 648 896 in
669 827 1058 902 zool.nan.vol.1V.

121 960 143 1019 p·
161 953 212 1019 32.
236 938 322 1000 Tab.
347 953 417 1019 147.
437 932 484 1005 I).
510 953 538 1004 1.
562 939 608 1013 2.)
637 937 678 996 'ab
700 936 977 1007 Amnooaanmo
1002 939 1057 1002 de·

121 1041 226 1122 scripta
248 1054 283 1103 et
313 1039 481 1103 delineata
514 1025 623 1100 sistus.
666 1038 823 1100 Vocatur
842 1043 976 1103 Ascuris
998 1046 1060 1103 An·

120 1144 226 1221 guillae
246 1140 429 1220 (filiformis
458 1141 585 1221 postice
608 1142 817 1219 incrassata).
862 1143 994 1222 Corpus
1014 1139 1060 1203 di·

122 1243 192 1305 citur
213 1243 385 1320 filifotme,
406 1253 470 1304 tres
492 1263 572 1305 cum
594 1243 734 1319 dimidio
757 1233 897 1324 pollices
910 1244 1062 1325 longum,

121 1345 243 1418 album,
267 1343 373 1406 amice
395 1357 600 1406 attenuatum
623 1357 830 1420 truncatum,
865 1344 993 1425 postice
1015 1345 1063 1408 in·

122 1461 294 1507 crassatum
315 1448 410 1526 apice
433 1445 578 1527 setigero
603 1445 809 1522 acuminato;
829 1444 928 1514 lineis
950 1446 1064 1510 latera·

121 1545 200 1609 libus
225 1566 329 1608 aureo
345 1545 543 1623 ·viridibus,
560 1536 728 1610 intestinis
750 1546 908 1610 candidis.
952 1551 996 1610 In
1017 1548 1065 1610 in·

122 1646 237 1711 testinis
261 1647 313 1716 M,
334 1645 532 1730 Anguillae.
578 1647 678 1708 Vixit
700 1647 812 1708 triduo
835 1646 872 1709 in
896 1652 1065 1731 aquaplu·

121 1749 258 1815 vial'c-
279 1746 359 1831 Ipse
381 1771 494 1832 neque
517 1761 650 1825 tantam,
667 1744 785 1829 neque'
803 1751 922 1813 talibus
942 1753 1063 1814 colori·

122 1853 176 1915 bus
197 1852 435 1935 splendentem
457 1852 542 1935 vidi,

166 2007 227 2098 56.
251 2003 391 2082 Ascaris
418 1998 639 2079 crastinando
663 2005 708 2078 ll.
734 2031 772 2079 n.
797 2021 852 2102 sp.

222 2134 304 2218 Axia.
325 2146 489 2216 Bnnntsnu
512 2153 695 2234 specimina
717 2143 895 2239 complura
914 2150 1004 2218 misit
1030 2144 1070 2221 in

125 2255 283 2320 intestinis
306 2256 422 2318 1.αόνὶἰ
436 2258 551 2317 ttncae
571 2270 716 2336 reperta,
755 2253 905 2335 quinque
927 2258 970 2318 ad
992 2270 1069 2339 qua.

126 2360 307 2421 mordecim
326 2359 431 2418 lineas
452 2358 565 2440 longa,
587 2355 763 2420 mediocris
788 2357 957 2434 crassitiei,
985 2348 1070 2438 allia,

126 2458 278 2525 leminea.

175 2604 179 2613 .
225 2552 387 2626 Valoulae
407 2552 519 2644 capitis
542 2568 606 2623 tres
630 2550 822 2640 distinctae,
855 2572 956 2645 saepe
979 2538 1100 2628 hians*

131 2674 246 2746 tes,.ut
268 2661 416 2749 singulas
434 2677 614 2727 'numerare
635 2655 745 2739 liceat,
769 2663 848 2723 alias
871 2664 957 2728 duae
978 2663 1074 2730 tertia

128 2768 243 2831 melius
274 2765 492 2849 conspicuae,
524 2776 685 2846 magnae,
720 2776 900 2826 truncatae.
952 2759 1085 2849 Corpus·

129 2865 294 2951 utrinque,
306 2861 408 2951 magis
421 2882 533 2931 tamen
545 2878 734 2927 antrorsu'm
746 2873 964 2927 attenuatum.
976 2863 1075 2932 JC'au.

131 2973 171 3034 da
190 2963 445 3044 obtusiusc'ula3
466 2962 644 3031 ‘interdum
671 2963 815 3050 papillae
838 2961 996 3029 minimae
1016 2980 1079 3035 ter.

128 3066 257 3138 niualis
289 3064 413 3155 species
443 3073 557 3142 adest3
596 3081 707 3150 'prope
744 3065 874 3148 apicem
902 3067 1078 3133 caudalem

129 3176 338 3240 tuberculum
371 3193 550 3256 magnum,
580 3168 629 3231 ‘in
667 3168 849 3250 majoribus
889 3167 1080 3250 specimini-

129 3278 186 3341 bus
210 3294 313 3358 quam
333 3274 370 3340 in
391 3274 579 3351 minoribus
600 3285 663 3354 pro
685 3264 844 3354 portione
860 3270 977 3350 majus.
1016 3268 1093 3337 An·
1176 3356 1180 3363 .

130 3382 233 3443 tuls'n
254 3376 316 3440 hac
342 3371 380 3440 in
408 3368 518 3459 'specie
545 3385 721 3456 tantopere
743 3371 937 3437 descendit?
978 3365 1100 3463 conf,

129 3480 210 3548 Aac.
233 3479 468 3562 spintcaudam
488 3491 523 3540 n.
548 3491 600 3554 130
1126 3493 1129 3499 ·

178 3614 244 3730 59.
268 3629 409 3708 sacaria
434 3623 721 3707 obtusocaudata
742 3626 839 3702 Zao.

145 3830 151 3847 .
185 3832 189 3841 .
210 3832 213 3841 .
230 3781 317 3848 Am.
336 3781 436 3854 Ocno
460 3776 541 3844 duas
553 3801 687 3845 mecum
702 3765 966 3842 communicavit
976 3774 1081 3843 Asca·

126 3886 220 3953 rides
238 3885 278 3950 ln
291 3887 457 3954 Salmonis
471 3887 622 3955 Farlom's
640 3881 809 3953 intestinis
829 3901 850 3942 a
869 3898 906 3948 te
926 3894 1085 3966 repertas,

754 3982 788 4048 Τ
810 3996 831 4047 a
