2408 4478
509 240 796 323 *430-

180 417 272 480 aiam
306 403 445 492 quidem
479 403 655 468 benevole
691 417 830 463 mecum
873 394 1146 483 communicavit,

181 536 272 601 qnae
316 507 552 591 Pinguicolam
591 505 715 605 fortan·
742 498 971 581 contineret,
1005 504 1063 566 ced
1085 526 1146 571 m.

187 620 265 682 detn
283 611 435 678 Berolinl
459 605 680 673 attentissime
703 605 964 685 perscrutando
996 626 1067 669 nnn
1096 608 1146 673 niti

183 718 428 803 eorpueeulum
463 711 599 785 nigrum
634 717 847 769 contractum
882 718 922 767 et
963 705 1087 771 durum
1109 732 1147 777 η.

186 820 280 907 peri,
310 818 407 902 quod
438 832 577 880 omnem
610 805 874 894 organisationla
906 820 1037 873 notam
1070 812 1148 877 dene

187 921 295 1011 gavit.

248 1144 286 1223 4.
310 1132 524 1220 Polystoma
549 1123 782 1225 duplicatum
806 1130 856 1198 li·
879 1148 926 1198 n.
949 1100 1011 1225 sp.
1034 1128 1146 1207 'reba

302 1252 305 1257 ’
346 1254 422 1346 Frg.
448 1246 485 1319 6.

303 1436 359 1503 La
382 1439 506 1499 Rocmt
528 1432 563 1495 in
590 1432 708 1497 Nouv.
734 1430 825 1493 Bu'll.
851 1428 899 1495 de
934 1434 971 1495 la
996 1436 1071 1503 Soc.
1090 1438 1148 1501 Phi·

199 1544 404 1615 lomzrgtt.
434 1557 468 1599 n.
499 1548 550 1612 44.
572 1556 607 1620 p.
636 1550 709 1617 271.
737 1536 817 1599 lab.
841 1550 875 1604 2.
908 1533 997 1622 rig.
1017 1554 1052 1617 3.
1071 1542 1148 1624 Poly,

201 1658 311 1710 atoma
332 1638 486 1722 Thynni.

318 1776 388 1840 cel.
419 1772 471 1834 vir
508 1770 543 1832 in
582 1770 768 1836 insularum
795 1771 1011 1837 Balearium
1046 1775 1151 1859 majore

202 1880 401 1961 Polyslotns
423 1874 526 1938 hocce
543 1876 695 1971 'Scornltrt‘
718 1874 846 1959 lltynm'
876 1876 1061 1941 branchiis
1081 1900 1153 1961 porn

205 2004 280 2048 rum
305 1982 372 2063 'ope
393 1974 526 2041 fortiter
545 1976 725 2043 inhaerens
749 1972 889 2059 reperit,
917 1980 1046 2059 molle,
1068 1982 1152 2062 laeve,

207 2085 371 2168 grisertm,
408 2080 494 2140 duos
517 2073 602 2140 circa
628 2082 845 2143 centimetros
875 2082 966 2151 (sed
999 2101 1152 2146 mensurae

206 2184 344 2250 linearis
370 2204 387 2243 a
409 2180 439 2242 cl
473 2175 547 2241 viro
566 2177 606 2241 t'n
629 2182 739 2243 tabula
768 2180 866 2246 datae
888 2182 1036 2250 ratione
1058 2183 1154 2264 habita,

209 2303 336 2369 septem
361 2297 488 2346 tantum
510 2282 632 2359 lineas)
654 2285 807 2366 longum.

316 2421 547 2502 Depressum,
580 2421 778 2502 oblongum,
807 2440 907 2502 pone
933 2437 1072 2505 partem
1091 2433 1154 2485 ante·

208 2510 334 2591 ¹riotetn
359 2525 512 2584 obtusam
535 2533 569 2585 et
590 2536 776 2585 antrorsurn
799 2522 1075 2604 increscentem,
1101 2543 1155 2587 con·

212 2629 374 2700 strictum,
405 2644 546 2706 corpote
571 2624 738 2701 subovali,
771 2623 867 2707 apice
903 2627 1047 2709 postico
1085 2621 1155 2690 tenui

212 2727 458 2794 obtusiusculo.
503 2729 585 2787 Pori
607 2745 663 2789 sex
686 2727 870 2791 anteriores
894 2725 1021 2810 inseri,
1042 2728 1078 2793 in
1098 2730 1156 2811 figu-

211 2853 247 2897 ra
271 2829 414 2894 lunatim
438 2825 547 2911 positi.
570 2826 693 2908 singuli
716 2842 811 2910 septo
827 2844 1036 2895 transverso
1058 2830 1091 2894 in
1107 2830 1155 2891 dun

213 2957 296 3001 cava
319 2930 434 3011 divisi,
457 2950 601 3011 quorum
626 2929 772 3012 quodvis
805 2928 878 2993 basi
902 2931 1069 2998 foramen
1091 2930 1155 2995 exhi·

213 3040 281 3116 bet,
305 3039 344 3098 cl.
371 3035 463 3108 viro,
487 3053 562 3093 cum
585 3031 647 3095 alia
670 3047 820 3115 apertura
847 3030 921 3094 uris
951 3032 1087 3098 vicibus
1106 3036 1156 3097 luu-

214 3160 295 3224 gent
332 3139 430 3210 desit,
464 3156 526 3217 pro
560 3137 622 3196 isto
654 3134 774 3198 merito
803 3133 979 3199 habitum.
1024 3129 1156 3217 Reliquit

213 3237 498 3324 Polystomatibus
529 3250 656 3299 tanturn
693 3235 880 3331 sexphuic
911 3253 1033 3303 autem
1057 3236 1156 3301 ‹luode

215 3342 278 3408 cim
302 3363 360 3405 ora
382 3358 538 3402 concessa
558 3352 643 3400 sunt.
691 3339 784 3402 inter
810 3357 919 3421 poros
952 3342 1089 3407 medios
1109 3340 1155 3401 dut

214 3445 390 3509 tubercula
411 3441 544 3507 conica.
568 3458 623 3505 aut
646 3442 810 3505 tentacula
833 3441 1063 3520 brevissima,
1084 3455 1156 3524 aegre

215 3547 372 3609 visibilia.
428 3544 544 3627 Apicis
584 3544 705 3630 postici
732 3544 848 3608 rimam
884 3546 1156 3634 longitudinalcm

217 3641 360 3715 inferam
381 3670 442 3731 pro
466 3670 531 3712 anu
555 3650 663 3712 habet.
857 3657 859 3661 ’

321 3784 485 3854 Gemina
513 3784 615 3872 hujus
657 3778 798 3853 eutoaoi
836 3784 903 3850 sub
938 3781 1154 3854 branchium
